3160 5010
224 283 288 354 458
331 301 485 374 Biiiasciui
506 306 590 360 antia,
605 305 741 358 deutschen
761 305 877 362 blsehble
895 304 942 360 eut
957 305 999 362 die
1020 303 1049 360 17
1067 304 1167 370 ermen
1186 304 1232 358 der
1251 303 1345 370 congr.
1366 303 1466 356 concil.

223 479 314 547 civile
337 477 503 556 Gallicum,
525 476 556 546 in
579 477 647 562 ipsa
658 475 761 544 Gallia
773 477 838 562 jam
856 476 973 544 dudum
984 477 1180 564 abrogatum,
1197 475 1295 562 riget,
1318 493 1338 540 a
1357 473 1468 559 judice

222 585 307 652 cirili
329 583 548 650 auctoritatem
571 582 712 666 usurpari
734 581 923 666 dijudicandi
946 601 1052 650 onrncs
1073 583 1106 648 ct
1127 567 1268 666 singulas
1289 597 1399 644 causas
1422 577 1464 642 ad

222 687 453 756 matrimonium
475 688 661 771 spectantes,
684 687 788 772 sieque
810 705 871 754 non
892 687 993 754 solnnr
1016 685 1186 753 sententias
1209 684 1247 750 de
1270 683 1466 767 separatione

222 793 383 871 bonorum,
407 793 460 858 sed
476 792 570 858 etiam
593 791 631 857 de
653 790 846 876 separatione
869 791 951 858 thori
967 792 999 858 et
1020 809 1146 858 mensae
1161 808 1217 857 nec
1239 809 1300 856 non
1327 789 1365 870 de
1394 789 1465 854 dis-

223 897 375 964 solutione
397 895 493 980 ipsius
515 895 705 962 matrimonii
727 895 809 962 ferri.

326 999 412 1082 Quae
434 999 600 1086 legislatio,
622 999 649 1066 si
671 1019 767 1084 nsque
790 999 891 1066 adbuc
914 1018 974 1066 non
1008 999 1110 1086 magis
1138 997 1318 1064 detrimenti
1344 997 1464 1078 attulit,

222 1105 315 1191 hujus
338 1105 465 1171 euentus
488 1123 612 1170 causam
635 1123 694 1170 nou
723 1105 756 1168 in
786 1124 819 1168 se
849 1104 960 1182 habet,
987 1104 1040 1170 sed
1071 1103 1259 1170 consuetudo
1293 1101 1467 1170 christiana

223 1212 256 1276 et
277 1209 353 1276 fides
375 1208 528 1275 catholica
550 1207 652 1274 adbuc
674 1207 707 1272 in
728 1209 840 1292 populo
862 1208 951 1274 tauta
973 1206 1079 1291 pollet,
1102 1207 1138 1272 ut
1164 1225 1235 1274 sere
1265 1206 1371 1274 fideles
1394 1226 1464 1272 orn·

222 1314 293 1380 nino
316 1313 415 1398 quoad
449 1331 557 1380 causas
590 1312 833 1378 matrimoniales
865 1331 884 1378 a
916 1311 1067 1380 tribunali
1099 1310 1184 1378 ciuili
1216 1311 1402 1378 abhorreant
1431 1313 1464 1376 et

222 1417 343 1486 nonnisi
365 1417 397 1500 ii,
422 1419 474 1502 qni
497 1416 557 1483 tide
580 1417 694 1484 amissa
716 1416 896 1500 religionem
929 1416 1146 1494 deseruerunt,
1172 1415 1310 1500 jndicem
1342 1415 1466 1492 civilem

223 1522 337 1588 adeant
365 1524 397 1588 et
423 1522 611 1590 matrimonii
651 1521 884 1587 dissolutionem
921 1520 1142 1606 adipiscantur.
1209 1519 1326 1586 Eodem
1358 1521 1466 1586 autern

224 1627 406 1710 modoque
426 1627 519 1711 judex
551 1626 666 1706 civilis,
695 1626 840 1710 neglecta
855 1625 946 1708 piune
972 1624 1075 1692 divina
1097 1623 1255 1692 Ecclesiae
1277 1623 1466 1692 auctoritate

222 1731 255 1798 iu
276 1731 341 1796 fore
362 1749 416 1796 suo
439 1749 546 1796 causas
569 1729 813 1798 matrimoniales
836 1728 998 1814 dijudicat,
1021 1729 1115 1794 etiam
1129 1728 1223 1814 judex
1238 1728 1467 1796 ecclesiasticus

222 1854 312 1902 suurn
333 1837 436 1902 servat
457 1835 567 1914 iorum,
590 1835 643 1900 ubi
665 1835 766 1900 solum
789 1852 918 1900 canones
933 1833 1050 1918 vigent.
1109 1913 1113 1921 ἱ
1181 1915 1184 1922 ³

327 1939 534 2006 Nihilominus
550 1939 657 2024 negari
672 1959 731 2006 non
754 1940 865 2025 potest,
889 1938 946 2004 boc
962 1939 1046 2004 statu
1059 1937 1117 2004 fori
1129 1938 1367 2004 matrimonialis
1383 1936 1468 2002 diffi-

223 2045 355 2110 cultates
372 2045 520 2111 maximas
535 2047 567 2111 et
582 2045 822 2112 innumerabilia
837 2044 1009 2110 animarum
1025 2044 1162 2128 pericula
1177 2043 1289 2110 adduci
1311 2039 1411 2127 posse,
1434 2044 1469 2108 et

224 2151 308 2216 certe
338 2149 506 2216 adductum
529 2151 578 2230 iri,
600 2151 730 2234 simulac
750 2150 851 2235 prisca
872 2148 1030 2234 religionis
1054 2148 1243 2216 christianae
1263 2149 1468 2216 fundamento
1565 2193 1566 2224 2

224 2273 347 2339 prorsus
378 2275 412 2320 er
443 2256 594 2330 brrnranae
616 2254 774 2322 societatis
802 2255 915 2334 finibus
945 2253 1045 2338 ejecta
1073 2253 1164 2318 erunt
1186 2272 1242 2320 nee
1267 2253 1391 2338 plenam
1418 2254 1467 2317 sni
1565 2249 1566 2338 i

219 2359 299 2442 juris
325 2359 519 2438 libertatem,
543 2360 657 2444 rejecta
686 2360 777 2444 plane
801 2357 883 2425 omni
913 2356 1109 2425 arrcmritatis
1137 2356 1304 2424 saecularis
1332 2375 1466 2442 usurpa·
1565 2421 1566 2424 ,

222 2463 305 2530 tione
336 2464 474 2530 Ecclesia
503 2465 562 2542 sibi
593 2465 803 2546 uindicauerit.

325 2571 452 2654 Quaestio
476 2570 572 2636 XVI.
617 2571 703 2636 Mala
725 2589 803 2654 quae
826 2569 1009 2654 proveniunt
1036 2588 1072 2633 er
1100 2567 1268 2634 domestico
1298 2567 1465 2647 famulatu,

221 2693 313 2756 quern
335 2673 499 2740 acatholici
530 2674 574 2758 (et
603 2674 729 2759 ludaei)
760 2673 887 2742 tauriliis
917 2673 1078 2740 catholicis
1101 2674 1133 2739 et
1166 2673 1332 2757 imprimis,
1366 2691 1460 2756 quem

222 2777 368 2846 catholici
390 2778 518 2844 familiis
540 2779 722 2844 acatholicis
743 2781 776 2844 et
794 2777 917 2862 judaeis
939 2779 1108 2861 praestent,
1131 2777 1208 2844 baec
1231 2796 1298 2844 ease
1320 2777 1439 2844 solent:
1564 2797 1565 2814 ¹

326 2881 479 2948 Catholici
502 2884 564 2948 sive
588 2884 704 2949 babent
725 2883 858 2950 famnlos
871 2883 1057 2948 acatholicos
1080 2882 1143 2950 sive
1165 2882 1225 2967 ipsi
1243 2881 1307 2948 sint
1329 2883 1454 2949 acatho-

221 2987 350 3054 licorum
374 2986 483 3054 famuli
505 2987 607 3054 officia
627 2987 774 3074 religiosa
797 2987 961 3072 negligunt
983 2989 1016 3053 et
1035 2986 1187 3072 paulatim
1216 2987 1255 3052 ad
1282 2987 1461 3053 indifferen-

221 3092 359 3172 tisrnunr,
383 3091 423 3156 ad
456 3091 694 3179 applicationem
726 3091 809 3170 fidei,
847 3092 942 3158 immo
979 3091 1019 3157 ad
1053 3091 1240 3176 apostasiam
1262 3091 1463 3160 seducuntur.

221 3195 307 3260 Haec
326 3195 410 3262 mala
431 3195 575 3262 remediis
598 3196 797 3280 sequentibus
812 3195 984 3280 oppugnari
1006 3197 1152 3280 possunt:

323 3299 348 3362 I.
394 3297 546 3383 Diligenti
570 3301 601 3365 et
623 3299 748 3366 assidua
770 3299 942 3366 eruditione
972 3301 1005 3365 et
1033 3299 1230 3366 institutione
1259 3301 1292 3366 iu
1322 3301 1467 3372 doctrina

220 3405 380 3471 catholica.
983 3427 989 3433 ’

323 3509 364 3576 ΙΙ.
414 3495 545 3574 Parochi
567 3510 687 3594 saepius
711 3510 912 3596 parochianos
934 3529 1005 3576 suos
1020 3510 1192 3588 hortentur,
1216 3529 1254 3576 ne
1270 3511 1464 3592 acatholicis,

220 3611 373 3696 imprimis
396 3633 433 3680 ne
456 3614 478 3679 J
481 3613 586 3680 udaeis
608 3615 811 3682 domesticum
834 3615 1022 3682 famulatum
1044 3616 1215 3699 praestent.

323 3718 381 3782 111.
427 3718 541 3785 Omnes
564 3721 679 3797 antem,
702 3719 756 3804 qui
778 3719 979 3786 nibilominus
1002 3719 1035 3784 in
1058 3718 1200 3786 domibus
1218 3721 1464 3788 acatholicorum

220 3823 252 3888 ct
274 3821 466 3888 ludaeorum
489 3824 651 3888 versantur
673 3825 705 3889 et
727 3823 830 3888 officia
852 3822 1021 3890 christiana
1043 3823 1211 3908 adimplere
1240 3825 1464 3910 impediuntur,
1562 3879 1563 3890 ,

219 3927 258 3992 ab
280 3926 329 3992 his
352 3925 493 3994 domibus
516 3946 610 4010 quiam
632 3929 768 4012 primum
792 3927 948 3994 discedere
971 3929 1076 4012 poenis
1106 3929 1326 3996 ecclesiasticis
1348 3949 1460 4016 nempe
1562 3911 1563 3940 ⁴

219 4030 422 4116 denegatione
444 4031 713 4098 Sacramentorum
737 4033 970 4116 compellantur.

323 4137 449 4219 Qreeslio
474 4137 510 4202 X
515 4138 591 4207 VII.
636 4139 681 4204 lbi
704 4139 841 4222 ternpore
862 4137 1064 4204 revolutionis
1087 4137 1226 4204 Gallicae
1249 4157 1462 4208 novacoeme-
1561 4173 1562 4226 p

219 4241 299 4310 teria
319 4228 379 4306 non
404 4241 579 4325 sumptibus
602 4242 749 4308 eeclesiae
771 4242 957 4328 parochialis
987 4245 1019 4310 et
1047 4241 1304 4326 parochianorum
1334 4262 1462 4328 compa·

220 4345 337 4426 rantur,
366 4345 419 4412 sed
448 4345 706 4412 communitatum
747 4345 886 4412 civilium
918 4345 1136 4429 (communiter
1167 4347 1254 4412 extra
1283 4346 1395 4431 oppida
1431 4351 1464 4413 et
1561 4341 1562 4360 ,

220 4451 339 4536 pagos).
383 4450 471 4516 Haec
493 4451 679 4519 coemeteria
702 4450 908 4518 communalis
931 4451 970 4516 ad
992 4469 1084 4518 usum
1107 4454 1180 4517 sunt
1206 4451 1344 4518 omnium
1372 4451 1463 4518 inco-

220 4553 593 4623 larum'dhristianorum
615 4555 701 4620 nulla
723 4555 831 4623 habita
854 4554 974 4622 ratione
999 4555 1163 4641 religiosae
1186 4556 1395 4624 confessionis.

325 4657 385 4724 Hic
425 4659 529 4725 status
561 4678 663 4726 rernm
704 4678 724 4726 a
762 4659 917 4726 modernis
947 4658 1198 4747 legislationibus
1239 4661 1384 4746 receptus
1430 4665 1465 4734 ct
