<?xml version="1.0" encoding="UTF-8"?>
<!DOCTYPE html PUBLIC "-//W3C//DTD XHTML 1.0 Transitional//EN"
    "http://www.w3.org/TR/xhtml1/DTD/xhtml1-transitional.dtd">
<html xmlns="http://www.w3.org/1999/xhtml" xml:lang="en" lang="en">
 <head>
  <title>
</title>
<meta http-equiv="Content-Type" content="text/html;charset=utf-8" />
  <meta name='ocr-system' content='tesseract 3.04.00' />
  <meta name='ocr-capabilities' content='ocr_page ocr_carea ocr_par ocr_line ocrx_word'/>
</head>
<body>
  <div class='ocr_page' id='page_1' title='image "./archivfrkatholi06jurigoog/archivfrkatholi06jurigoog_0484.png"; bbox 0 0 3160 5010; ppageno 0'>
   <div class='ocr_carea' id='block_1_1' title="bbox 198 319 1375 412">
    <p class='ocr_par' dir='ltr' id='par_1_1' title="bbox 198 319 1375 412">
     <span class='ocr_line' id='line_1_1' title="bbox 198 319 1375 412; baseline -0.008 -22"><span class='ocrx_word' id='word_1_1' title='bbox 198 403 202 412; x_wconf 89' lang='lat'><em>.</em></span> <span class='ocrx_word' id='word_1_2' title='bbox 231 319 295 390; x_wconf 81' lang='lat' dir='ltr'>iio</span> <span class='ocrx_word' id='word_1_3' title='bbox 362 335 483 408; x_wconf 79' lang='lat' dir='ltr'>verlay.</span> <span class='ocrx_word' id='word_1_4' title='bbox 504 335 595 400; x_wconf 81' lang='grc'><strong>1111111,</strong></span> <span class='ocrx_word' id='word_1_5' title='bbox 613 331 741 388; x_wconf 70' lang='lat' dir='ltr'>Schriften</span> <span class='ocrx_word' id='word_1_6' title='bbox 760 331 812 386; x_wconf 89' lang='lat' dir='ltr'>uad</span> <span class='ocrx_word' id='word_1_7' title='bbox 831 329 959 385; x_wconf 81' lang='lat' dir='ltr'>ilhasehe</span> <span class='ocrx_word' id='word_1_8' title='bbox 978 341 1037 384; x_wconf 83' lang='lat' dir='ltr'>zuar</span> <span class='ocrx_word' id='word_1_9' title='bbox 1054 331 1172 385; x_wconf 82' lang='lat' dir='ltr'>brumen.</span> <span class='ocrx_word' id='word_1_10' title='bbox 1189 327 1284 384; x_wconf 83' lang='lat' dir='ltr'>conrii.</span> <span class='ocrx_word' id='word_1_11' title='bbox 1303 328 1375 392; x_wconf 89' lang='lat' dir='ltr'>(ill.)</span> 
     </span>
    </p>
   </div>
   <div class='ocr_carea' id='block_1_2' title="bbox 232 498 1487 710">
    <p class='ocr_par' dir='ltr' id='par_1_2' title="bbox 232 498 1551 716">
     <span class='ocr_line' id='line_1_2' title="bbox 232 498 1487 710; baseline -0.017 -110"><span class='ocrx_word' id='word_1_12' title='bbox 232 511 390 608; x_wconf 73' lang='lat' dir='ltr'>Alton,</span> <span class='ocrx_word' id='word_1_13' title='bbox 417 503 642 594; x_wconf 73' lang='lat' dir='ltr'><strong>Schriften</strong></span> <span class='ocrx_word' id='word_1_14' title='bbox 662 498 991 710; x_wconf 46' lang='lat' dir='ltr'>ungoWitilnsfff</span> <span class='ocrx_word' id='word_1_15' title='bbox 1011 521 1114 584; x_wconf 84' lang='lat' dir='ltr'>turm</span> <span class='ocrx_word' id='word_1_16' title='bbox 1134 498 1487 584; x_wconf 77' lang='grc'><strong>11111111111111</strong></span> 
     </span>
     <span class='ocr_line' id='line_1_3' title="bbox 368 637 1384 710; baseline -0.011 1"><span class='ocrx_word' id='word_1_17' title='bbox 368 637 370 648; x_wconf 84' lang='grc'><em>“</em></span> <span class='ocrx_word' id='word_1_18' title='bbox 772 645 828 707; x_wconf 91' lang='lat' dir='ltr'>no</span> <span class='ocrx_word' id='word_1_19' title='bbox 870 682 881 706; x_wconf 91' lang='lat'><strong>.</strong></span> <span class='ocrx_word' id='word_1_20' title='bbox 982 686 993 708; x_wconf 94' lang='lat'><strong>.</strong></span> <span class='ocrx_word' id='word_1_21' title='bbox 1376 701 1384 710; x_wconf 80' lang='grc'>,</span> 
     </span>
    </p>
   </div>
   <div class='ocr_carea' id='block_1_3' title="bbox 583 765 1125 829">
    <p class='ocr_par' dir='ltr' id='par_1_3' title="bbox 583 765 1125 829">
     <span class='ocr_line' id='line_1_4' title="bbox 583 765 1125 829; baseline -0.006 -16"><span class='ocrx_word' id='word_1_22' title='bbox 583 768 650 829; x_wconf 85' lang='lat' dir='ltr'>(Vgl.</span> <span class='ocrx_word' id='word_1_23' title='bbox 668 767 793 813; x_wconf 78' lang='lat' dir='ltr'><strong>Archiv</strong></span> <span class='ocrx_word' id='word_1_24' title='bbox 808 765 901 824; x_wconf 82' lang='lat' dir='ltr'>xxnl,</span> <span class='ocrx_word' id='word_1_25' title='bbox 918 767 962 814; x_wconf 77' lang='lat'>146</span> <span class='ocrx_word' id='word_1_26' title='bbox 978 765 1012 824; x_wconf 77' lang='lat' dir='ltr'>ffi,</span> <span class='ocrx_word' id='word_1_27' title='bbox 1028 766 1073 814; x_wconf 76' lang='lat' dir='ltr'>aad</span> <span class='ocrx_word' id='word_1_28' title='bbox 1088 765 1125 824; x_wconf 83' lang='lat' dir='ltr'>it.)</span> 
     </span>
    </p>
   </div>
   <div class='ocr_carea' id='block_1_4' title="bbox 232 853 1556 4134">
    <p class='ocr_par' dir='ltr' id='par_1_4' title="bbox 232 853 1556 4134">
     <span class='ocr_line' id='line_1_5' title="bbox 232 853 1485 928; baseline -0.006 -10"><span class='ocrx_word' id='word_1_29' title='bbox 232 865 256 918; x_wconf 91' lang='lat'>1.</span> <span class='ocrx_word' id='word_1_30' title='bbox 275 865 359 918; x_wconf 82' lang='lat' dir='ltr'>Neue</span> <span class='ocrx_word' id='word_1_31' title='bbox 373 859 685 928; x_wconf 77' lang='lat' dir='ltr'>Abietssbeceo&#39;llipump</span> <span class='ocrx_word' id='word_1_32' title='bbox 696 855 752 926; x_wconf 82' lang='lat' dir='ltr'>fiir</span> <span class='ocrx_word' id='word_1_33' title='bbox 765 857 815 909; x_wconf 82' lang='lat' dir='ltr'>die</span> <span class='ocrx_word' id='word_1_34' title='bbox 829 854 937 909; x_wconf 82' lang='lat' dir='ltr'>Dauer</span> <span class='ocrx_word' id='word_1_35' title='bbox 948 855 1000 908; x_wconf 87' lang='lat' dir='ltr'>des</span> <span class='ocrx_word' id='word_1_36' title='bbox 1012 853 1142 908; x_wconf 71' lang='lat' dir='ltr'>Concilio.</span> <span class='ocrx_word' id='word_1_37' title='bbox 1162 853 1289 921; x_wconf 81' lang='lat' dir='ltr'>(Archia</span> <span class='ocrx_word' id='word_1_38' title='bbox 1303 855 1392 918; x_wconf 86' lang='lat' dir='ltr'>xliiii,</span> <span class='ocrx_word' id='word_1_39' title='bbox 1406 855 1485 922; x_wconf 73' lang='lat' dir='ltr'>aba.)</span> 
     </span>
     <span class='ocr_line' id='line_1_6' title="bbox 307 941 1552 1006; baseline -0.009 -2"><span class='ocrx_word' id='word_1_40' title='bbox 307 951 364 1004; x_wconf 80' lang='lat' dir='ltr'>l’iur</span> <span class='ocrx_word' id='word_1_41' title='bbox 384 950 429 1002; x_wconf 81' lang='lat' dir='ltr'>PP.</span> <span class='ocrx_word' id='word_1_42' title='bbox 449 949 488 1000; x_wconf 90' lang='lat' dir='ltr'>iit.</span> <span class='ocrx_word' id='word_1_43' title='bbox 509 941 887 1000; x_wconf 81' lang='lat' dir='ltr'>ldluturamreituemoriam.</span> <span class='ocrx_word' id='word_1_44' title='bbox 908 941 1023 1006; x_wconf 78' lang='lat' dir='ltr'>Egregiis</span> <span class='ocrx_word' id='word_1_45' title='bbox 1036 942 1075 994; x_wconf 88' lang='lat' dir='ltr'>sui</span> <span class='ocrx_word' id='word_1_46' title='bbox 1085 943 1180 994; x_wconf 89' lang='lat' dir='ltr'>ordinis</span> <span class='ocrx_word' id='word_1_47' title='bbox 1192 942 1344 996; x_wconf 88' lang='lat' dir='ltr'>institutoris</span> <span class='ocrx_word' id='word_1_48' title='bbox 1355 943 1488 997; x_wconf 82' lang='lat' dir='ltr'>excitatus</span> <span class='ocrx_word' id='word_1_49' title='bbox 1551 952 1552 988; x_wconf 80' lang='grc'>1</span> 
     </span>
     <span class='ocr_line' id='line_1_7' title="bbox 232 1017 1552 1103; baseline -0.008 -10"><span class='ocrx_word' id='word_1_50' title='bbox 232 1039 358 1103; x_wconf 80' lang='lat' dir='ltr'>exemptis</span> <span class='ocrx_word' id='word_1_51' title='bbox 377 1038 483 1102; x_wconf 71' lang='lat' dir='ltr'>dasque</span> <span class='ocrx_word' id='word_1_52' title='bbox 502 1034 609 1098; x_wconf 83' lang='lat' dir='ltr'>vestigia</span> <span class='ocrx_word' id='word_1_53' title='bbox 628 1033 699 1098; x_wconf 84' lang='lat' dir='ltr'>sepul</span> <span class='ocrx_word' id='word_1_54' title='bbox 718 1044 779 1095; x_wconf 87' lang='lat' dir='ltr'>prae</span> <span class='ocrx_word' id='word_1_55' title='bbox 800 1030 880 1082; x_wconf 90' lang='lat' dir='ltr'>oculis</span> <span class='ocrx_word' id='word_1_56' title='bbox 901 1031 999 1082; x_wconf 87' lang='lat' dir='ltr'>babens</span> <span class='ocrx_word' id='word_1_57' title='bbox 1017 1030 1125 1082; x_wconf 87' lang='lat' dir='ltr'>dttertus</span> <span class='ocrx_word' id='word_1_58' title='bbox 1145 1031 1210 1083; x_wconf 90' lang='lat' dir='ltr'>iliius</span> <span class='ocrx_word' id='word_1_59' title='bbox 1225 1029 1375 1082; x_wconf 86' lang='lat' dir='ltr'>Vincentius</span> <span class='ocrx_word' id='word_1_60' title='bbox 1390 1032 1487 1094; x_wconf 78' lang='lat' dir='ltr'>landep</span> <span class='ocrx_word' id='word_1_61' title='bbox 1551 1017 1552 1022; x_wconf 8' lang='grc' dir='ltr'>ἵ</span> 
     </span>
     <span class='ocr_line' id='line_1_8' title="bbox 232 1117 1487 1181; baseline -0.007 -2"><span class='ocrx_word' id='word_1_62' title='bbox 232 1126 329 1181; x_wconf 89' lang='lat' dir='ltr'>ordinis</span> <span class='ocrx_word' id='word_1_63' title='bbox 356 1125 466 1176; x_wconf 74' lang='lat' dir='ltr'>fratrum</span> <span class='ocrx_word' id='word_1_64' title='bbox 494 1121 702 1174; x_wconf 80' lang='lat' dir='ltr'>Praedicatorum</span> <span class='ocrx_word' id='word_1_65' title='bbox 728 1117 850 1181; x_wconf 76' lang='lat' dir='ltr'>Magister</span> <span class='ocrx_word' id='word_1_66' title='bbox 878 1117 1010 1169; x_wconf 78' lang='lat' dir='ltr'>Generalis</span> <span class='ocrx_word' id='word_1_67' title='bbox 1038 1117 1168 1168; x_wconf 89' lang='lat' dir='ltr'>humiliter</span> <span class='ocrx_word' id='word_1_68' title='bbox 1192 1117 1269 1170; x_wconf 94' lang='lat' dir='ltr'>Nobis</span> <span class='ocrx_word' id='word_1_69' title='bbox 1297 1119 1487 1180; x_wconf 85' lang='lat' dir='ltr'>exponendum</span> 
     </span>
     <span class='ocr_line' id='line_1_9' title="bbox 233 1203 1486 1272; baseline -0.006 -8"><span class='ocrx_word' id='word_1_70' title='bbox 233 1211 344 1272; x_wconf 80' lang='lat' dir='ltr'>curavit,</span> <span class='ocrx_word' id='word_1_71' title='bbox 371 1210 511 1264; x_wconf 84' lang='lat' dir='ltr'>maximum</span> <span class='ocrx_word' id='word_1_72' title='bbox 539 1207 576 1259; x_wconf 91' lang='lat' dir='ltr'>rel</span> <span class='ocrx_word' id='word_1_73' title='bbox 605 1207 762 1259; x_wconf 82' lang='lat' dir='ltr'>christianae</span> <span class='ocrx_word' id='word_1_74' title='bbox 791 1205 994 1256; x_wconf 88' lang='lat' dir='ltr'>emolumentum</span> <span class='ocrx_word' id='word_1_75' title='bbox 1023 1203 1080 1254; x_wconf 85' lang='lat' dir='ltr'>iore</span> <span class='ocrx_word' id='word_1_76' title='bbox 1108 1203 1292 1268; x_wconf 69' lang='lat' dir='ltr'>obventurum,</span> <span class='ocrx_word' id='word_1_77' title='bbox 1311 1205 1334 1256; x_wconf 90' lang='lat' dir='ltr'>si</span> <span class='ocrx_word' id='word_1_78' title='bbox 1354 1211 1486 1270; x_wconf 79' lang='lat' dir='ltr'>quotquot</span> 
     </span>
     <span class='ocr_line' id='line_1_10' title="bbox 233 1289 1553 1400; baseline -0.006 -48"><span class='ocrx_word' id='word_1_79' title='bbox 233 1303 292 1352; x_wconf 89' lang='lat' dir='ltr'>suut</span> <span class='ocrx_word' id='word_1_80' title='bbox 312 1297 337 1351; x_wconf 90' lang='lat' dir='ltr'>iu</span> <span class='ocrx_word' id='word_1_81' title='bbox 356 1297 419 1350; x_wconf 91' lang='lat' dir='ltr'>orbe</span> <span class='ocrx_word' id='word_1_82' title='bbox 438 1297 529 1350; x_wconf 88' lang='lat' dir='ltr'>bdeles</span> <span class='ocrx_word' id='word_1_83' title='bbox 547 1296 578 1348; x_wconf 92' lang='lat' dir='ltr'>ad</span> <span class='ocrx_word' id='word_1_84' title='bbox 599 1293 801 1359; x_wconf 74' lang='lat' dir='ltr'>frequentiorem</span> <span class='ocrx_word' id='word_1_85' title='bbox 829 1291 960 1348; x_wconf 83' lang='lat' dir='ltr'>llodlernis</span> <span class='ocrx_word' id='word_1_86' title='bbox 978 1289 1068 1342; x_wconf 89' lang='lat' dir='ltr'>diebus</span> <span class='ocrx_word' id='word_1_87' title='bbox 1088 1291 1184 1343; x_wconf 88' lang='lat' dir='ltr'>iiosarii</span> <span class='ocrx_word' id='word_1_88' title='bbox 1203 1293 1229 1343; x_wconf 88' lang='lat' dir='ltr'>B.</span> <span class='ocrx_word' id='word_1_89' title='bbox 1251 1292 1282 1342; x_wconf 89' lang='lat' dir='ltr'>ll.</span> <span class='ocrx_word' id='word_1_90' title='bbox 1302 1292 1328 1341; x_wconf 86' lang='lat' dir='ltr'>ll.</span> <span class='ocrx_word' id='word_1_91' title='bbox 1348 1293 1487 1344; x_wconf 83' lang='lat' dir='ltr'>recitatio·</span> <span class='ocrx_word' id='word_1_92' title='bbox 1552 1338 1553 1400; x_wconf 32' lang='grc'><strong>1</strong></span> 
     </span>
     <span class='ocr_line' id='line_1_11' title="bbox 233 1377 1553 1452; baseline -0.007 -13"><span class='ocrx_word' id='word_1_93' title='bbox 233 1398 294 1440; x_wconf 88' lang='lat' dir='ltr'>nam</span> <span class='ocrx_word' id='word_1_94' title='bbox 313 1385 468 1440; x_wconf 84' lang='lat' dir='ltr'>adiciantur.</span> <span class='ocrx_word' id='word_1_95' title='bbox 505 1381 724 1446; x_wconf 74' lang='lat' dir='ltr'>Quemadmodum</span> <span class='ocrx_word' id='word_1_96' title='bbox 745 1380 811 1432; x_wconf 89' lang='lat' dir='ltr'>enim</span> <span class='ocrx_word' id='word_1_97' title='bbox 830 1381 855 1429; x_wconf 76' lang='lat' dir='ltr'>S.</span> <span class='ocrx_word' id='word_1_98' title='bbox 875 1377 1020 1430; x_wconf 87' lang='lat' dir='ltr'>bominieus</span> <span class='ocrx_word' id='word_1_99' title='bbox 1037 1379 1079 1430; x_wconf 92' lang='lat' dir='ltr'>iiia</span> <span class='ocrx_word' id='word_1_100' title='bbox 1101 1379 1249 1441; x_wconf 86' lang='lat' dir='ltr'>precatione</span> <span class='ocrx_word' id='word_1_101' title='bbox 1272 1381 1487 1443; x_wconf 66' lang='grc'><strong>1111111111-</strong></span> <span class='ocrx_word' id='word_1_102' title='bbox 1552 1401 1553 1452; x_wconf 72' lang='lat'>3</span> 
     </span>
     <span class='ocr_line' id='line_1_12' title="bbox 233 1453 1553 1532; baseline -0.008 -6"><span class='ocrx_word' id='word_1_103' title='bbox 233 1475 276 1526; x_wconf 90' lang='lat' dir='ltr'>dio</span> <span class='ocrx_word' id='word_1_104' title='bbox 295 1473 389 1526; x_wconf 85' lang='lat' dir='ltr'>invicto</span> <span class='ocrx_word' id='word_1_105' title='bbox 417 1471 449 1524; x_wconf 87' lang='lat' dir='ltr'>ad</span> <span class='ocrx_word' id='word_1_106' title='bbox 478 1471 607 1526; x_wconf 79' lang='lat' dir='ltr'>nefariam</span> <span class='ocrx_word' id='word_1_107' title='bbox 634 1467 809 1528; x_wconf 77' lang='lat' dir='ltr'>albigensium</span> <span class='ocrx_word' id='word_1_108' title='bbox 837 1467 965 1520; x_wconf 86' lang='lat' dir='ltr'>baeresim</span> <span class='ocrx_word' id='word_1_109' title='bbox 991 1465 1214 1530; x_wconf 78' lang='lat' dir='ltr'>coniungendam,</span> <span class='ocrx_word' id='word_1_110' title='bbox 1236 1479 1302 1532; x_wconf 82' lang='lat' dir='ltr'>puae</span> <span class='ocrx_word' id='word_1_111' title='bbox 1321 1467 1486 1518; x_wconf 77' lang='lat' dir='ltr'>christianae</span> <span class='ocrx_word' id='word_1_112' title='bbox 1552 1453 1553 1458; x_wconf 68' lang='grc'>’</span> 
     </span>
     <span class='ocr_line' id='line_1_13' title="bbox 233 1552 1488 1624; baseline -0.006 -12"><span class='ocrx_word' id='word_1_113' title='bbox 233 1559 392 1624; x_wconf 86' lang='lat' dir='ltr'>reipublicae</span> <span class='ocrx_word' id='word_1_114' title='bbox 413 1569 502 1622; x_wconf 83' lang='lat' dir='ltr'>parem</span> <span class='ocrx_word' id='word_1_115' title='bbox 518 1558 544 1608; x_wconf 89' lang='lat' dir='ltr'>et</span> <span class='ocrx_word' id='word_1_116' title='bbox 562 1554 775 1620; x_wconf 73' lang='lat' dir='ltr'>tranquillitatem</span> <span class='ocrx_word' id='word_1_117' title='bbox 802 1553 969 1616; x_wconf 77' lang='lat' dir='ltr'>pessumdare</span> <span class='ocrx_word' id='word_1_118' title='bbox 988 1552 1147 1614; x_wconf 74' lang='lat' dir='ltr'>minabatur,</span> <span class='ocrx_word' id='word_1_119' title='bbox 1173 1565 1235 1603; x_wconf 91' lang='lat' dir='ltr'>usus</span> <span class='ocrx_word' id='word_1_120' title='bbox 1255 1556 1308 1612; x_wconf 88' lang='lat' dir='ltr'>est,</span> <span class='ocrx_word' id='word_1_121' title='bbox 1334 1553 1370 1602; x_wconf 90' lang='lat' dir='ltr'>sic</span> <span class='ocrx_word' id='word_1_122' title='bbox 1392 1555 1488 1606; x_wconf 85' lang='lat' dir='ltr'>ildeles</span> 
     </span>
     <span class='ocr_line' id='line_1_14' title="bbox 234 1637 1487 1703; baseline -0.005 -5"><span class='ocrx_word' id='word_1_123' title='bbox 234 1647 284 1698; x_wconf 85' lang='lat' dir='ltr'>boc</span> <span class='ocrx_word' id='word_1_124' title='bbox 302 1644 380 1697; x_wconf 84' lang='lat' dir='ltr'>ueluti</span> <span class='ocrx_word' id='word_1_125' title='bbox 399 1645 548 1696; x_wconf 88' lang='lat' dir='ltr'>armaturae</span> <span class='ocrx_word' id='word_1_126' title='bbox 566 1653 667 1703; x_wconf 82' lang='lat' dir='ltr'>genere</span> <span class='ocrx_word' id='word_1_127' title='bbox 692 1641 822 1702; x_wconf 80' lang='lat' dir='ltr'>instructi,</span> <span class='ocrx_word' id='word_1_128' title='bbox 847 1649 940 1701; x_wconf 88' lang='lat' dir='ltr'>nempe</span> <span class='ocrx_word' id='word_1_129' title='bbox 959 1637 1105 1702; x_wconf 82' lang='lat' dir='ltr'>quotidiana</span> <span class='ocrx_word' id='word_1_130' title='bbox 1126 1637 1224 1690; x_wconf 88' lang='lat' dir='ltr'>liosarii</span> <span class='ocrx_word' id='word_1_131' title='bbox 1244 1638 1269 1688; x_wconf 87' lang='grc' dir='ltr'>Β.</span> <span class='ocrx_word' id='word_1_132' title='bbox 1288 1638 1318 1689; x_wconf 88' lang='lat' dir='ltr'>tt.</span> <span class='ocrx_word' id='word_1_133' title='bbox 1340 1639 1366 1690; x_wconf 88' lang='lat' dir='ltr'>ll.</span> <span class='ocrx_word' id='word_1_134' title='bbox 1388 1642 1487 1692; x_wconf 88' lang='lat' dir='ltr'>recita·</span> 
     </span>
     <span class='ocr_line' id='line_1_15' title="bbox 236 1721 1554 1796; baseline -0.003 -14"><span class='ocrx_word' id='word_1_135' title='bbox 236 1731 321 1792; x_wconf 89' lang='lat' dir='ltr'>tione,</span> <span class='ocrx_word' id='word_1_136' title='bbox 349 1733 376 1782; x_wconf 89' lang='lat' dir='ltr'>ut</span> <span class='ocrx_word' id='word_1_137' title='bbox 402 1733 440 1781; x_wconf 89' lang='lat' dir='ltr'>tot</span> <span class='ocrx_word' id='word_1_138' title='bbox 464 1739 580 1780; x_wconf 89' lang='lat' dir='ltr'>errorum</span> <span class='ocrx_word' id='word_1_139' title='bbox 606 1731 718 1780; x_wconf 91' lang='lat' dir='ltr'>monstra</span> <span class='ocrx_word' id='word_1_140' title='bbox 743 1727 768 1777; x_wconf 91' lang='lat' dir='ltr'>in</span> <span class='ocrx_word' id='word_1_141' title='bbox 792 1735 916 1789; x_wconf 90' lang='lat' dir='ltr'>praesens</span> <span class='ocrx_word' id='word_1_142' title='bbox 939 1723 1051 1788; x_wconf 81' lang='lat' dir='ltr'>undique</span> <span class='ocrx_word' id='word_1_143' title='bbox 1069 1721 1218 1786; x_wconf 77' lang='lat' dir='ltr'>grassantia</span> <span class='ocrx_word' id='word_1_144' title='bbox 1238 1724 1335 1786; x_wconf 87' lang='lat' dir='ltr'>potenti</span> <span class='ocrx_word' id='word_1_145' title='bbox 1355 1726 1487 1789; x_wconf 80' lang='lat' dir='ltr'>deiparae</span> <span class='ocrx_word' id='word_1_146' title='bbox 1553 1724 1554 1796; x_wconf 81' lang='grc'>1</span> 
     </span>
     <span class='ocr_line' id='line_1_16' title="bbox 237 1799 1554 1883; baseline -0.002 -13"><span class='ocrx_word' id='word_1_147' title='bbox 237 1817 418 1870; x_wconf 81' lang='lat' dir='ltr'>immaculatae</span> <span class='ocrx_word' id='word_1_148' title='bbox 437 1815 549 1868; x_wconf 89' lang='lat' dir='ltr'>subsidio</span> <span class='ocrx_word' id='word_1_149' title='bbox 568 1819 594 1867; x_wconf 88' lang='lat' dir='ltr'>et</span> <span class='ocrx_word' id='word_1_150' title='bbox 612 1813 716 1866; x_wconf 84' lang='lat' dir='ltr'>concilii</span> <span class='ocrx_word' id='word_1_151' title='bbox 737 1811 895 1865; x_wconf 84' lang='lat' dir='ltr'>oecumenici</span> <span class='ocrx_word' id='word_1_152' title='bbox 914 1809 1026 1862; x_wconf 85' lang='lat' dir='ltr'>vaticani</span> <span class='ocrx_word' id='word_1_153' title='bbox 1050 1823 1065 1864; x_wconf 92' lang='lat' dir='ltr'>a</span> <span class='ocrx_word' id='word_1_154' title='bbox 1089 1809 1166 1862; x_wconf 91' lang='lat' dir='ltr'>Nobis</span> <span class='ocrx_word' id='word_1_155' title='bbox 1192 1809 1278 1863; x_wconf 84' lang='lat' dir='ltr'>indicti</span> <span class='ocrx_word' id='word_1_156' title='bbox 1306 1818 1488 1883; x_wconf 70' lang='grc'><strong>1111111111-</strong></span> <span class='ocrx_word' id='word_1_157' title='bbox 1553 1799 1554 1876; x_wconf 75' lang='grc'>1</span> 
     </span>
     <span class='ocr_line' id='line_1_17' title="bbox 237 1897 1488 1961; baseline -0.005 -5"><span class='ocrx_word' id='word_1_158' title='bbox 237 1905 312 1958; x_wconf 88' lang='lat' dir='ltr'>candi</span> <span class='ocrx_word' id='word_1_159' title='bbox 337 1903 488 1956; x_wconf 87' lang='lat' dir='ltr'>auctoritate</span> <span class='ocrx_word' id='word_1_160' title='bbox 512 1901 702 1961; x_wconf 85' lang='lat' dir='ltr'>convellamur,</span> <span class='ocrx_word' id='word_1_161' title='bbox 730 1899 905 1957; x_wconf 87' lang='lat' dir='ltr'>eradicentur,</span> <span class='ocrx_word' id='word_1_162' title='bbox 924 1897 1025 1950; x_wconf 81' lang='lat' dir='ltr'>lucilius</span> <span class='ocrx_word' id='word_1_163' title='bbox 1045 1902 1121 1950; x_wconf 91' lang='lat' dir='ltr'>erunt</span> <span class='ocrx_word' id='word_1_164' title='bbox 1139 1899 1307 1952; x_wconf 71' lang='lat' dir='ltr'>consecuturi.</span> <span class='ocrx_word' id='word_1_165' title='bbox 1344 1899 1401 1961; x_wconf 79' lang='lat' dir='ltr'>huo</span> <span class='ocrx_word' id='word_1_166' title='bbox 1423 1913 1488 1955; x_wconf 81' lang='lat' dir='ltr'>vero</span> 
     </span>
     <span class='ocr_line' id='line_1_18' title="bbox 238 1983 1488 2056; baseline -0.002 -14"><span class='ocrx_word' id='word_1_167' title='bbox 238 1992 263 2042; x_wconf 94' lang='lat' dir='ltr'>id</span> <span class='ocrx_word' id='word_1_168' title='bbox 284 1990 379 2045; x_wconf 78' lang='lat' dir='ltr'>certius</span> <span class='ocrx_word' id='word_1_169' title='bbox 399 1988 453 2051; x_wconf 83' lang='lat' dir='ltr'>hat,</span> <span class='ocrx_word' id='word_1_170' title='bbox 472 1988 546 2040; x_wconf 84' lang='lat' dir='ltr'>enine</span> <span class='ocrx_word' id='word_1_171' title='bbox 562 2000 577 2038; x_wconf 91' lang='lat' dir='ltr'>a</span> <span class='ocrx_word' id='word_1_172' title='bbox 595 1985 671 2040; x_wconf 86' lang='lat' dir='ltr'>Nobis</span> <span class='ocrx_word' id='word_1_173' title='bbox 698 1985 769 2048; x_wconf 88' lang='lat' dir='ltr'>petiit</span> <span class='ocrx_word' id='word_1_174' title='bbox 792 1989 819 2036; x_wconf 90' lang='lat' dir='ltr'>ut</span> <span class='ocrx_word' id='word_1_175' title='bbox 844 1983 1028 2056; x_wconf 78' lang='lat' dir='ltr'>indulgentiis,</span> <span class='ocrx_word' id='word_1_176' title='bbox 1051 1996 1117 2048; x_wconf 78' lang='lat' dir='ltr'>quae</span> <span class='ocrx_word' id='word_1_177' title='bbox 1142 1995 1158 2033; x_wconf 90' lang='lat' dir='ltr'>a</span> <span class='ocrx_word' id='word_1_178' title='bbox 1179 1985 1290 2038; x_wconf 88' lang='lat' dir='ltr'>Surumis</span> <span class='ocrx_word' id='word_1_179' title='bbox 1315 1987 1488 2040; x_wconf 81' lang='lat' dir='ltr'>Pontificibus</span> 
     </span>
     <span class='ocr_line' id='line_1_19' title="bbox 239 2069 1555 2158; baseline -0.005 -28"><span class='ocrx_word' id='word_1_180' title='bbox 239 2076 486 2132; x_wconf 85' lang='lat' dir='ltr'>i’raedcccssoribus</span> <span class='ocrx_word' id='word_1_181' title='bbox 506 2074 603 2126; x_wconf 87' lang='lat' dir='ltr'>Nostris</span> <span class='ocrx_word' id='word_1_182' title='bbox 618 2073 673 2137; x_wconf 78' lang='lat' dir='ltr'>iam</span> <span class='ocrx_word' id='word_1_183' title='bbox 691 2072 807 2124; x_wconf 89' lang='lat' dir='ltr'>iidelibus</span> <span class='ocrx_word' id='word_1_184' title='bbox 827 2069 871 2121; x_wconf 93' lang='lat' dir='ltr'>illa</span> <span class='ocrx_word' id='word_1_185' title='bbox 895 2070 1017 2132; x_wconf 90' lang='lat' dir='ltr'>precandi</span> <span class='ocrx_word' id='word_1_186' title='bbox 1042 2069 1152 2122; x_wconf 88' lang='lat' dir='ltr'>lormuia</span> <span class='ocrx_word' id='word_1_187' title='bbox 1174 2069 1307 2125; x_wconf 81' lang='lat' dir='ltr'>Roaart&#39;o</span> <span class='ocrx_word' id='word_1_188' title='bbox 1335 2083 1488 2136; x_wconf 85' lang='lat' dir='ltr'>nuneuprtn</span> <span class='ocrx_word' id='word_1_189' title='bbox 1554 2110 1555 2158; x_wconf 52' lang='lat'>,</span> 
     </span>
     <span class='ocr_line' id='line_1_20' title="bbox 237 2155 1555 2230; baseline -0.004 -12"><span class='ocrx_word' id='word_1_190' title='bbox 237 2164 366 2218; x_wconf 88' lang='lat' dir='ltr'>utentibus</span> <span class='ocrx_word' id='word_1_191' title='bbox 385 2174 524 2216; x_wconf 79' lang='lat' dir='ltr'>concessae</span> <span class='ocrx_word' id='word_1_192' title='bbox 544 2165 612 2220; x_wconf 89' lang='lat' dir='ltr'>sunt,</span> <span class='ocrx_word' id='word_1_193' title='bbox 632 2160 693 2220; x_wconf 79' lang='lat' dir='ltr'>alias</span> <span class='ocrx_word' id='word_1_194' title='bbox 712 2171 814 2223; x_wconf 83' lang='lat' dir='ltr'>uuopue</span> <span class='ocrx_word' id='word_1_195' title='bbox 832 2155 944 2219; x_wconf 79' lang='lat' dir='ltr'>adiicere</span> <span class='ocrx_word' id='word_1_196' title='bbox 963 2157 995 2208; x_wconf 92' lang='lat' dir='ltr'>de</span> <span class='ocrx_word' id='word_1_197' title='bbox 1015 2155 1174 2219; x_wconf 76' lang='lat' dir='ltr'>benignitate</span> <span class='ocrx_word' id='word_1_198' title='bbox 1193 2157 1285 2211; x_wconf 89' lang='lat' dir='ltr'>Nostra</span> <span class='ocrx_word' id='word_1_199' title='bbox 1305 2159 1487 2223; x_wconf 88' lang='lat' dir='ltr'>dignaremur.</span> <span class='ocrx_word' id='word_1_200' title='bbox 1523 2183 1527 2192; x_wconf 92' lang='lat'>·</span> <span class='ocrx_word' id='word_1_201' title='bbox 1554 2163 1555 2230; x_wconf 70' lang='grc'>1</span> 
     </span>
     <span class='ocr_line' id='line_1_21' title="bbox 238 2235 1555 2315; baseline -0.003 -12"><span class='ocrx_word' id='word_1_202' title='bbox 238 2253 289 2304; x_wconf 88' lang='lat' dir='ltr'>Nos</span> <span class='ocrx_word' id='word_1_203' title='bbox 310 2249 350 2315; x_wconf 77' lang='lat' dir='ltr'>uui</span> <span class='ocrx_word' id='word_1_204' title='bbox 370 2262 385 2301; x_wconf 94' lang='lat' dir='ltr'>a</span> <span class='ocrx_word' id='word_1_205' title='bbox 404 2249 498 2300; x_wconf 90' lang='lat' dir='ltr'>Nostra</span> <span class='ocrx_word' id='word_1_206' title='bbox 518 2247 597 2310; x_wconf 87' lang='lat' dir='ltr'>prima</span> <span class='ocrx_word' id='word_1_207' title='bbox 621 2250 706 2298; x_wconf 90' lang='lat' dir='ltr'>aetate</span> <span class='ocrx_word' id='word_1_208' title='bbox 733 2258 763 2296; x_wconf 89' lang='lat' dir='ltr'>ac</span> <span class='ocrx_word' id='word_1_209' title='bbox 787 2244 939 2306; x_wconf 87' lang='lat' dir='ltr'>praesertim</span> <span class='ocrx_word' id='word_1_210' title='bbox 965 2253 1021 2294; x_wconf 88' lang='lat' dir='ltr'>cum</span> <span class='ocrx_word' id='word_1_211' title='bbox 1045 2241 1071 2294; x_wconf 91' lang='lat' dir='ltr'>in</span> <span class='ocrx_word' id='word_1_212' title='bbox 1093 2244 1161 2294; x_wconf 88' lang='lat' dir='ltr'>banc</span> <span class='ocrx_word' id='word_1_213' title='bbox 1180 2245 1206 2294; x_wconf 80' lang='lat' dir='ltr'>lt.</span> <span class='ocrx_word' id='word_1_214' title='bbox 1227 2245 1296 2296; x_wconf 85' lang='lat' dir='ltr'>Petri</span> <span class='ocrx_word' id='word_1_215' title='bbox 1315 2247 1486 2310; x_wconf 85' lang='lat' dir='ltr'>cathedram,</span> <span class='ocrx_word' id='word_1_216' title='bbox 1554 2235 1555 2244; x_wconf 70' lang='grc'>’</span> 
     </span>
     <span class='ocr_line' id='line_1_22' title="bbox 239 2330 1486 2402; baseline -0.002 -12"><span class='ocrx_word' id='word_1_217' title='bbox 239 2335 421 2402; x_wconf 87' lang='lat' dir='ltr'>benignissimo</span> <span class='ocrx_word' id='word_1_218' title='bbox 450 2336 503 2387; x_wconf 86' lang='lat' dir='ltr'>lieo</span> <span class='ocrx_word' id='word_1_219' title='bbox 529 2335 565 2385; x_wconf 82' lang='lat' dir='ltr'>sle</span> <span class='ocrx_word' id='word_1_220' title='bbox 581 2333 701 2396; x_wconf 86' lang='lat' dir='ltr'>jubente,</span> <span class='ocrx_word' id='word_1_221' title='bbox 729 2330 907 2392; x_wconf 88' lang='lat' dir='ltr'>ascendimus,</span> <span class='ocrx_word' id='word_1_222' title='bbox 935 2331 1056 2384; x_wconf 89' lang='lat' dir='ltr'>Nostram</span> <span class='ocrx_word' id='word_1_223' title='bbox 1085 2330 1203 2383; x_wconf 85' lang='lat' dir='ltr'>iiduciam</span> <span class='ocrx_word' id='word_1_224' title='bbox 1223 2333 1247 2384; x_wconf 92' lang='lat' dir='ltr'>iu</span> <span class='ocrx_word' id='word_1_225' title='bbox 1268 2333 1422 2386; x_wconf 82' lang='lat' dir='ltr'>beatissima</span> <span class='ocrx_word' id='word_1_226' title='bbox 1442 2337 1486 2388; x_wconf 87' lang='lat' dir='ltr'>bei</span> 
     </span>
     <span class='ocr_line' id='line_1_23' title="bbox 240 2418 1487 2484; baseline -0.002 -8"><span class='ocrx_word' id='word_1_227' title='bbox 240 2427 319 2477; x_wconf 82' lang='lat' dir='ltr'>iletre</span> <span class='ocrx_word' id='word_1_228' title='bbox 338 2423 415 2476; x_wconf 87' lang='lat' dir='ltr'>llaria</span> <span class='ocrx_word' id='word_1_229' title='bbox 440 2425 520 2476; x_wconf 87' lang='lat' dir='ltr'>totam</span> <span class='ocrx_word' id='word_1_230' title='bbox 540 2421 687 2484; x_wconf 78' lang='lat' dir='ltr'>posuimus,</span> <span class='ocrx_word' id='word_1_231' title='bbox 708 2420 784 2484; x_wconf 80' lang='lat' dir='ltr'>bique</span> <span class='ocrx_word' id='word_1_232' title='bbox 801 2418 850 2470; x_wconf 90' lang='lat' dir='ltr'>soli</span> <span class='ocrx_word' id='word_1_233' title='bbox 870 2432 885 2470; x_wconf 95' lang='lat' dir='ltr'>a</span> <span class='ocrx_word' id='word_1_234' title='bbox 905 2419 957 2470; x_wconf 87' lang='lat' dir='ltr'>lieo</span> <span class='ocrx_word' id='word_1_235' title='bbox 981 2419 1068 2472; x_wconf 86' lang='lat' dir='ltr'>datum</span> <span class='ocrx_word' id='word_1_236' title='bbox 1088 2418 1180 2480; x_wconf 84' lang='lat' dir='ltr'>fuisse,</span> <span class='ocrx_word' id='word_1_237' title='bbox 1206 2422 1235 2472; x_wconf 87' lang='lat' dir='ltr'>ut</span> <span class='ocrx_word' id='word_1_238' title='bbox 1258 2422 1363 2474; x_wconf 81' lang='lat' dir='ltr'>cunctas</span> <span class='ocrx_word' id='word_1_239' title='bbox 1383 2423 1410 2474; x_wconf 90' lang='lat' dir='ltr'>in</span> <span class='ocrx_word' id='word_1_240' title='bbox 1430 2425 1487 2474; x_wconf 91' lang='lat' dir='ltr'>uni·</span> 
     </span>
     <span class='ocr_line' id='line_1_24' title="bbox 240 2496 1556 2569; baseline 0.002 -9"><span class='ocrx_word' id='word_1_241' title='bbox 240 2523 316 2564; x_wconf 84' lang='lat' dir='ltr'>verso</span> <span class='ocrx_word' id='word_1_242' title='bbox 336 2511 430 2564; x_wconf 85' lang='lat' dir='ltr'>mundo</span> <span class='ocrx_word' id='word_1_243' title='bbox 449 2510 571 2562; x_wconf 86' lang='lat' dir='ltr'>haereses</span> <span class='ocrx_word' id='word_1_244' title='bbox 590 2509 758 2569; x_wconf 88' lang='lat' dir='ltr'>interimeret,</span> <span class='ocrx_word' id='word_1_245' title='bbox 779 2518 825 2569; x_wconf 90' lang='lat' dir='ltr'>pro</span> <span class='ocrx_word' id='word_1_246' title='bbox 846 2511 916 2558; x_wconf 89' lang='lat' dir='ltr'>certo</span> <span class='ocrx_word' id='word_1_247' title='bbox 935 2506 1071 2567; x_wconf 83' lang='lat' dir='ltr'>babentes,</span> <span class='ocrx_word' id='word_1_248' title='bbox 1090 2505 1137 2569; x_wconf 90' lang='lat' dir='ltr'>piis</span> <span class='ocrx_word' id='word_1_249' title='bbox 1157 2506 1280 2568; x_wconf 50' lang='lat' dir='ltr'>precibus,</span> <span class='ocrx_word' id='word_1_250' title='bbox 1293 2509 1372 2560; x_wconf 93' lang='lat' dir='ltr'>Nobis</span> <span class='ocrx_word' id='word_1_251' title='bbox 1391 2511 1487 2562; x_wconf 87' lang='lat' dir='ltr'>oblatis</span> <span class='ocrx_word' id='word_1_252' title='bbox 1555 2496 1556 2568; x_wconf 74' lang='grc'>1</span> 
     </span>
     <span class='ocr_line' id='line_1_25' title="bbox 240 2591 1556 2664; baseline 0 -16"><span class='ocrx_word' id='word_1_253' title='bbox 240 2600 308 2664; x_wconf 89' lang='lat' dir='ltr'>ultro</span> <span class='ocrx_word' id='word_1_254' title='bbox 333 2596 509 2649; x_wconf 80' lang='lat' dir='ltr'>obsecundare</span> <span class='ocrx_word' id='word_1_255' title='bbox 532 2609 562 2646; x_wconf 90' lang='lat' dir='ltr'>ac</span> <span class='ocrx_word' id='word_1_256' title='bbox 580 2599 611 2656; x_wconf 75' lang='lat' dir='ltr'>‚ut</span> <span class='ocrx_word' id='word_1_257' title='bbox 635 2594 703 2646; x_wconf 84' lang='lat' dir='ltr'>inira</span> <span class='ocrx_word' id='word_1_258' title='bbox 726 2593 859 2656; x_wconf 91' lang='lat' dir='ltr'>indulgere</span> <span class='ocrx_word' id='word_1_259' title='bbox 885 2591 1022 2646; x_wconf 89' lang='lat' dir='ltr'>voluimus.</span> <span class='ocrx_word' id='word_1_260' title='bbox 1064 2592 1146 2653; x_wconf 80' lang='lat' dir='ltr'>Quare</span> <span class='ocrx_word' id='word_1_261' title='bbox 1172 2594 1203 2644; x_wconf 94' lang='lat' dir='ltr'>de</span> <span class='ocrx_word' id='word_1_262' title='bbox 1229 2595 1416 2657; x_wconf 78' lang='lat' dir='ltr'>omnipotentis</span> <span class='ocrx_word' id='word_1_263' title='bbox 1443 2598 1488 2648; x_wconf 87' lang='lat' dir='ltr'>liei</span> <span class='ocrx_word' id='word_1_264' title='bbox 1555 2621 1556 2656; x_wconf 57' lang='lat' dir='ltr'>t</span> 
     </span>
     <span class='ocr_line' id='line_1_26' title="bbox 242 2678 1486 2742; baseline -0.002 -6"><span class='ocrx_word' id='word_1_265' title='bbox 242 2683 417 2736; x_wconf 86' lang='lat' dir='ltr'>misericordia</span> <span class='ocrx_word' id='word_1_266' title='bbox 437 2695 468 2733; x_wconf 90' lang='lat' dir='ltr'>ac</span> <span class='ocrx_word' id='word_1_267' title='bbox 486 2682 531 2733; x_wconf 83' lang='lat' dir='ltr'>hb.</span> <span class='ocrx_word' id='word_1_268' title='bbox 552 2680 619 2733; x_wconf 88' lang='lat' dir='ltr'>Petri</span> <span class='ocrx_word' id='word_1_269' title='bbox 637 2687 662 2732; x_wconf 91' lang='lat' dir='ltr'>et</span> <span class='ocrx_word' id='word_1_270' title='bbox 681 2679 750 2731; x_wconf 86' lang='lat' dir='ltr'>Pauli</span> <span class='ocrx_word' id='word_1_271' title='bbox 769 2680 948 2740; x_wconf 75' lang='lat' dir='ltr'>apostotorum</span> <span class='ocrx_word' id='word_1_272' title='bbox 968 2678 1022 2740; x_wconf 80' lang='lat' dir='ltr'>eius</span> <span class='ocrx_word' id='word_1_273' title='bbox 1041 2679 1196 2730; x_wconf 89' lang='lat' dir='ltr'>auctoritate</span> <span class='ocrx_word' id='word_1_274' title='bbox 1211 2679 1307 2742; x_wconf 83' lang='lat' dir='ltr'>conisi,</span> <span class='ocrx_word' id='word_1_275' title='bbox 1326 2682 1447 2734; x_wconf 85' lang='lat' dir='ltr'>omnibus</span> <span class='ocrx_word' id='word_1_276' title='bbox 1462 2697 1486 2734; x_wconf 85' lang='lat' dir='ltr'>er</span> 
     </span>
     <span class='ocr_line' id='line_1_27' title="bbox 240 2765 1487 2834; baseline -0.001 -13"><span class='ocrx_word' id='word_1_277' title='bbox 240 2769 348 2834; x_wconf 88' lang='lat' dir='ltr'>singuiis</span> <span class='ocrx_word' id='word_1_278' title='bbox 368 2769 499 2833; x_wconf 85' lang='lat' dir='ltr'>utriusque</span> <span class='ocrx_word' id='word_1_279' title='bbox 517 2779 595 2820; x_wconf 85' lang='lat' dir='ltr'>sevus</span> <span class='ocrx_word' id='word_1_280' title='bbox 616 2765 840 2827; x_wconf 78' lang='lat' dir='ltr'>christifidelibus,</span> <span class='ocrx_word' id='word_1_281' title='bbox 860 2765 916 2830; x_wconf 81' lang='lat' dir='ltr'>qui,</span> <span class='ocrx_word' id='word_1_282' title='bbox 936 2765 1019 2816; x_wconf 89' lang='lat' dir='ltr'>donec</span> <span class='ocrx_word' id='word_1_283' title='bbox 1038 2765 1176 2817; x_wconf 83' lang='lat' dir='ltr'>concillum</span> <span class='ocrx_word' id='word_1_284' title='bbox 1199 2765 1395 2819; x_wconf 81' lang='lat' dir='ltr'>oecumenicum</span> <span class='ocrx_word' id='word_1_285' title='bbox 1418 2771 1487 2820; x_wconf 76' lang='grc'><strong>1111-</strong></span> 
     </span>
     <span class='ocr_line' id='line_1_28' title="bbox 241 2851 1490 2919; baseline -0.002 -12"><span class='ocrx_word' id='word_1_286' title='bbox 241 2865 342 2907; x_wconf 89' lang='lat' dir='ltr'>canum.</span> <span class='ocrx_word' id='word_1_287' title='bbox 356 2855 541 2919; x_wconf 82' lang='lat' dir='ltr'>perduraverit,</span> <span class='ocrx_word' id='word_1_288' title='bbox 560 2854 668 2916; x_wconf 85' lang='lat' dir='ltr'>singuiis</span> <span class='ocrx_word' id='word_1_289' title='bbox 687 2854 809 2917; x_wconf 76' lang='lat' dir='ltr'>cuiusque</span> <span class='ocrx_word' id='word_1_290' title='bbox 830 2851 1010 2904; x_wconf 87' lang='lat' dir='ltr'>hebdomadae</span> <span class='ocrx_word' id='word_1_291' title='bbox 1028 2851 1117 2904; x_wconf 86' lang='lat' dir='ltr'>dicbus</span> <span class='ocrx_word' id='word_1_292' title='bbox 1142 2854 1232 2904; x_wconf 84' lang='lat' dir='ltr'>saltem</span> <span class='ocrx_word' id='word_1_293' title='bbox 1252 2854 1361 2918; x_wconf 79' lang='lat' dir='ltr'>putrique</span> <span class='ocrx_word' id='word_1_294' title='bbox 1373 2857 1490 2908; x_wconf 76' lang='lat' dir='ltr'>decades</span> 
     </span>
     <span class='ocr_line' id='line_1_29' title="bbox 239 2939 1488 3008; baseline 0.002 -15"><span class='ocrx_word' id='word_1_295' title='bbox 239 2940 337 2993; x_wconf 76' lang='lat' dir='ltr'>lipsani</span> <span class='ocrx_word' id='word_1_296' title='bbox 354 2943 446 2994; x_wconf 84' lang='lat' dir='ltr'>devote</span> <span class='ocrx_word' id='word_1_297' title='bbox 465 2941 640 3008; x_wconf 79' lang='lat' dir='ltr'>recitaverint,</span> <span class='ocrx_word' id='word_1_298' title='bbox 658 2939 767 2992; x_wconf 87' lang='lat' dir='ltr'>servatis</span> <span class='ocrx_word' id='word_1_299' title='bbox 786 2951 897 3002; x_wconf 79' lang='lat' dir='ltr'>quoque,</span> <span class='ocrx_word' id='word_1_300' title='bbox 918 2950 984 3002; x_wconf 86' lang='lat' dir='ltr'>quae</span> <span class='ocrx_word' id='word_1_301' title='bbox 1003 2939 1030 2992; x_wconf 85' lang='lat' dir='ltr'>ia</span> <span class='ocrx_word' id='word_1_302' title='bbox 1049 2939 1106 3002; x_wconf 86' lang='lat' dir='ltr'>eius</span> <span class='ocrx_word' id='word_1_303' title='bbox 1116 2939 1268 2992; x_wconf 86' lang='lat' dir='ltr'>recitatione</span> <span class='ocrx_word' id='word_1_304' title='bbox 1286 2940 1350 2992; x_wconf 87' lang='lat' dir='ltr'>alias</span> <span class='ocrx_word' id='word_1_305' title='bbox 1369 2942 1488 3004; x_wconf 82' lang='lat' dir='ltr'>injuncta</span> 
     </span>
     <span class='ocr_line' id='line_1_30' title="bbox 240 3023 1491 3092; baseline 0.002 -13"><span class='ocrx_word' id='word_1_306' title='bbox 240 3032 308 3090; x_wconf 90' lang='lat' dir='ltr'>sunt,</span> <span class='ocrx_word' id='word_1_307' title='bbox 329 3028 434 3092; x_wconf 85' lang='lat' dir='ltr'>insuper</span> <span class='ocrx_word' id='word_1_308' title='bbox 453 3039 513 3078; x_wconf 91' lang='lat' dir='ltr'>vere</span> <span class='ocrx_word' id='word_1_309' title='bbox 533 3027 695 3090; x_wconf 87' lang='lat' dir='ltr'>poenitentes</span> <span class='ocrx_word' id='word_1_310' title='bbox 715 3029 741 3077; x_wconf 88' lang='lat' dir='ltr'>et</span> <span class='ocrx_word' id='word_1_311' title='bbox 755 3025 866 3079; x_wconf 76' lang='lat' dir='ltr'>confessi</span> <span class='ocrx_word' id='word_1_312' title='bbox 880 3038 910 3076; x_wconf 88' lang='lat' dir='ltr'>ac</span> <span class='ocrx_word' id='word_1_313' title='bbox 920 3028 943 3077; x_wconf 89' lang='lat' dir='ltr'>S.</span> <span class='ocrx_word' id='word_1_314' title='bbox 954 3023 1139 3080; x_wconf 82' lang='lat' dir='ltr'>cummunione</span> <span class='ocrx_word' id='word_1_315' title='bbox 1151 3028 1242 3079; x_wconf 85' lang='lat' dir='ltr'>reiecti</span> <span class='ocrx_word' id='word_1_316' title='bbox 1255 3028 1395 3092; x_wconf 79' lang='lat' dir='ltr'>puauuibet</span> <span class='ocrx_word' id='word_1_317' title='bbox 1405 3031 1491 3082; x_wconf 84' lang='lat' dir='ltr'>Eccle-</span> 
     </span>
     <span class='ocr_line' id='line_1_31' title="bbox 240 3111 1492 3184; baseline 0.003 -20"><span class='ocrx_word' id='word_1_318' title='bbox 240 3114 304 3167; x_wconf 88' lang='lat' dir='ltr'>siam</span> <span class='ocrx_word' id='word_1_319' title='bbox 332 3127 379 3167; x_wconf 89' lang='lat' dir='ltr'>seu</span> <span class='ocrx_word' id='word_1_320' title='bbox 399 3113 542 3166; x_wconf 84' lang='lat' dir='ltr'>oratorium</span> <span class='ocrx_word' id='word_1_321' title='bbox 571 3112 700 3175; x_wconf 88' lang='lat' dir='ltr'>publicum</span> <span class='ocrx_word' id='word_1_322' title='bbox 719 3112 892 3176; x_wconf 88' lang='lat' dir='ltr'>visitaverint,</span> <span class='ocrx_word' id='word_1_323' title='bbox 921 3111 1005 3178; x_wconf 77' lang='lat' dir='ltr'>ibique</span> <span class='ocrx_word' id='word_1_324' title='bbox 1034 3125 1080 3175; x_wconf 91' lang='lat' dir='ltr'>pro</span> <span class='ocrx_word' id='word_1_325' title='bbox 1111 3113 1179 3164; x_wconf 88' lang='lat' dir='ltr'>iclici</span> <span class='ocrx_word' id='word_1_326' title='bbox 1202 3113 1305 3166; x_wconf 83' lang='lat' dir='ltr'>concilii</span> <span class='ocrx_word' id='word_1_327' title='bbox 1325 3114 1492 3184; x_wconf 62' lang='lat' dir='ltr'>oecumenici</span> 
     </span>
     <span class='ocr_line' id='line_1_32' title="bbox 240 3199 1490 3267; baseline 0.004 -15"><span class='ocrx_word' id='word_1_328' title='bbox 240 3201 352 3254; x_wconf 85' lang='lat' dir='ltr'>vaticani</span> <span class='ocrx_word' id='word_1_329' title='bbox 371 3201 456 3262; x_wconf 81' lang='lat' dir='ltr'>exitii,</span> <span class='ocrx_word' id='word_1_330' title='bbox 481 3205 506 3252; x_wconf 88' lang='lat' dir='ltr'>et</span> <span class='ocrx_word' id='word_1_331' title='bbox 532 3200 604 3267; x_wconf 80' lang='lat' dir='ltr'>justa</span> <span class='ocrx_word' id='word_1_332' title='bbox 633 3205 744 3251; x_wconf 88' lang='lat' dir='ltr'>mentem</span> <span class='ocrx_word' id='word_1_333' title='bbox 774 3199 894 3251; x_wconf 89' lang='lat' dir='ltr'>Nostram</span> <span class='ocrx_word' id='word_1_334' title='bbox 922 3201 976 3262; x_wconf 88' lang='lat' dir='ltr'>pias</span> <span class='ocrx_word' id='word_1_335' title='bbox 1004 3200 1035 3251; x_wconf 91' lang='lat' dir='ltr'>ad</span> <span class='ocrx_word' id='word_1_336' title='bbox 1055 3201 1135 3254; x_wconf 83' lang='lat' dir='ltr'>iteum</span> <span class='ocrx_word' id='word_1_337' title='bbox 1155 3213 1244 3264; x_wconf 87' lang='lat' dir='ltr'>preces</span> <span class='ocrx_word' id='word_1_338' title='bbox 1268 3200 1417 3264; x_wconf 75' lang='lat' dir='ltr'>effuderint,</span> <span class='ocrx_word' id='word_1_339' title='bbox 1438 3215 1490 3266; x_wconf 85' lang='lat' dir='ltr'>pua</span> 
     </span>
     <span class='ocr_line' id='line_1_33' title="bbox 241 3282 1489 3350; baseline 0.002 -10"><span class='ocrx_word' id='word_1_340' title='bbox 241 3287 404 3342; x_wconf 88' lang='lat' dir='ltr'>bebdomada</span> <span class='ocrx_word' id='word_1_341' title='bbox 421 3287 445 3338; x_wconf 89' lang='lat' dir='ltr'>id</span> <span class='ocrx_word' id='word_1_342' title='bbox 469 3285 579 3349; x_wconf 78' lang='lat' dir='ltr'>egerint,</span> <span class='ocrx_word' id='word_1_343' title='bbox 606 3286 750 3348; x_wconf 88' lang='lat' dir='ltr'>plenariam</span> <span class='ocrx_word' id='word_1_344' title='bbox 779 3287 892 3338; x_wconf 87' lang='lat' dir='ltr'>omniurn</span> <span class='ocrx_word' id='word_1_345' title='bbox 919 3287 1085 3349; x_wconf 88' lang='lat' dir='ltr'>pcccatorum</span> <span class='ocrx_word' id='word_1_346' title='bbox 1112 3282 1218 3339; x_wconf 82' lang='lat' dir='ltr'>suorum</span> <span class='ocrx_word' id='word_1_347' title='bbox 1245 3287 1433 3350; x_wconf 74' lang='lat' dir='ltr'>indulgentiam</span> <span class='ocrx_word' id='word_1_348' title='bbox 1462 3296 1489 3342; x_wconf 88' lang='lat' dir='ltr'>et</span> 
     </span>
     <span class='ocr_line' id='line_1_34' title="bbox 241 3369 1487 3438; baseline 0.002 -12"><span class='ocrx_word' id='word_1_349' title='bbox 241 3374 433 3436; x_wconf 86' lang='lat' dir='ltr'>remissionem,</span> <span class='ocrx_word' id='word_1_350' title='bbox 456 3369 629 3437; x_wconf 73' lang='lat' dir='ltr'>puerperium</span> <span class='ocrx_word' id='word_1_351' title='bbox 655 3373 788 3424; x_wconf 84' lang='lat' dir='ltr'>animabus</span> <span class='ocrx_word' id='word_1_352' title='bbox 814 3373 1037 3434; x_wconf 81' lang='lat' dir='ltr'>christicolum,</span> <span class='ocrx_word' id='word_1_353' title='bbox 1063 3384 1131 3438; x_wconf 81' lang='lat' dir='ltr'>puae</span> <span class='ocrx_word' id='word_1_354' title='bbox 1156 3375 1209 3425; x_wconf 86' lang='lat' dir='ltr'>lieo</span> <span class='ocrx_word' id='word_1_355' title='bbox 1234 3375 1258 3424; x_wconf 93' lang='lat' dir='ltr'>in</span> <span class='ocrx_word' id='word_1_356' title='bbox 1278 3375 1405 3427; x_wconf 87' lang='lat' dir='ltr'>charitate</span> <span class='ocrx_word' id='word_1_357' title='bbox 1426 3389 1487 3428; x_wconf 81' lang='lat' dir='ltr'>eort-</span> 
     </span>
     <span class='ocr_line' id='line_1_35' title="bbox 239 3460 1487 3526; baseline 0.002 -12"><span class='ocrx_word' id='word_1_358' title='bbox 239 3462 342 3526; x_wconf 83' lang='lat' dir='ltr'>junciae</span> <span class='ocrx_word' id='word_1_359' title='bbox 367 3461 399 3514; x_wconf 91' lang='lat' dir='ltr'>ab</span> <span class='ocrx_word' id='word_1_360' title='bbox 421 3463 469 3513; x_wconf 84' lang='lat' dir='ltr'>bac</span> <span class='ocrx_word' id='word_1_361' title='bbox 492 3461 549 3513; x_wconf 86' lang='lat' dir='ltr'>ltrte</span> <span class='ocrx_word' id='word_1_362' title='bbox 568 3460 747 3524; x_wconf 71' lang='lat' dir='ltr'>migraverint,</span> <span class='ocrx_word' id='word_1_363' title='bbox 767 3472 813 3523; x_wconf 93' lang='lat' dir='ltr'>per</span> <span class='ocrx_word' id='word_1_364' title='bbox 831 3461 936 3514; x_wconf 93' lang='lat' dir='ltr'>modum</span> <span class='ocrx_word' id='word_1_365' title='bbox 955 3461 1073 3523; x_wconf 78' lang='lat' dir='ltr'>scutagii</span> <span class='ocrx_word' id='word_1_366' title='bbox 1099 3461 1227 3526; x_wconf 90' lang='lat' dir='ltr'>applicare</span> <span class='ocrx_word' id='word_1_367' title='bbox 1247 3460 1359 3525; x_wconf 88' lang='lat' dir='ltr'>possint,</span> <span class='ocrx_word' id='word_1_368' title='bbox 1386 3465 1487 3516; x_wconf 87' lang='lat' dir='ltr'>miseri-</span> 
     </span>
     <span class='ocr_line' id='line_1_36' title="bbox 242 3531 1486 3603; baseline 0.002 -3"><span class='ocrx_word' id='word_1_369' title='bbox 242 3549 353 3602; x_wconf 87' lang='lat' dir='ltr'>corditer</span> <span class='ocrx_word' id='word_1_370' title='bbox 376 3548 401 3599; x_wconf 93' lang='lat' dir='ltr'>in</span> <span class='ocrx_word' id='word_1_371' title='bbox 426 3545 532 3600; x_wconf 84' lang='lat' dir='ltr'>Domino</span> <span class='ocrx_word' id='word_1_372' title='bbox 557 3545 726 3600; x_wconf 85' lang='lat' dir='ltr'>concedimus.</span> <span class='ocrx_word' id='word_1_373' title='bbox 770 3548 950 3602; x_wconf 85' lang='lat' dir='ltr'>Praesentibus</span> <span class='ocrx_word' id='word_1_374' title='bbox 976 3531 1088 3602; x_wconf 78' lang='lat' dir='ltr'>Concilio</span> <span class='ocrx_word' id='word_1_375' title='bbox 1115 3548 1233 3600; x_wconf 83' lang='lat' dir='ltr'>Generali</span> <span class='ocrx_word' id='word_1_376' title='bbox 1265 3551 1291 3600; x_wconf 91' lang='lat' dir='ltr'>et</span> <span class='ocrx_word' id='word_1_377' title='bbox 1316 3548 1486 3603; x_wconf 77' lang='lat' dir='ltr'>oecumenico</span> 
     </span>
     <span class='ocr_line' id='line_1_37' title="bbox 242 3627 1485 3698; baseline 0.004 -14"><span class='ocrx_word' id='word_1_378' title='bbox 242 3627 677 3697; x_wconf 75' lang='grc'><strong>1111111111111111111111111111.</strong></span> <span class='ocrx_word' id='word_1_379' title='bbox 715 3633 835 3686; x_wconf 82' lang='lat' dir='ltr'>Volumus</span> <span class='ocrx_word' id='word_1_380' title='bbox 855 3637 942 3685; x_wconf 86' lang='lat' dir='ltr'>autern</span> <span class='ocrx_word' id='word_1_381' title='bbox 966 3637 993 3685; x_wconf 93' lang='lat' dir='ltr'>nt</span> <span class='ocrx_word' id='word_1_382' title='bbox 1017 3633 1191 3698; x_wconf 89' lang='lat' dir='ltr'>praesentium</span> <span class='ocrx_word' id='word_1_383' title='bbox 1218 3633 1372 3686; x_wconf 84' lang='lat' dir='ltr'>litterarum</span> <span class='ocrx_word' id='word_1_384' title='bbox 1400 3643 1485 3689; x_wconf 88' lang='lat' dir='ltr'>trans·</span> 
     </span>
     <span class='ocr_line' id='line_1_38' title="bbox 242 3719 1484 3788; baseline -0.002 -14"><span class='ocrx_word' id='word_1_385' title='bbox 242 3720 350 3784; x_wconf 91' lang='lat' dir='ltr'>sumptis</span> <span class='ocrx_word' id='word_1_386' title='bbox 370 3731 417 3771; x_wconf 89' lang='lat' dir='ltr'>seu</span> <span class='ocrx_word' id='word_1_387' title='bbox 435 3719 559 3781; x_wconf 83' lang='lat' dir='ltr'>erenrplis</span> <span class='ocrx_word' id='word_1_388' title='bbox 577 3721 654 3770; x_wconf 87' lang='lat' dir='ltr'>etiam</span> <span class='ocrx_word' id='word_1_389' title='bbox 675 3719 804 3782; x_wconf 88' lang='lat' dir='ltr'>impressis</span> <span class='ocrx_word' id='word_1_390' title='bbox 825 3732 900 3772; x_wconf 90' lang='lat' dir='ltr'>mann</span> <span class='ocrx_word' id='word_1_391' title='bbox 921 3719 1028 3784; x_wconf 80' lang='lat' dir='ltr'>aiicujus</span> <span class='ocrx_word' id='word_1_392' title='bbox 1053 3721 1149 3774; x_wconf 88' lang='lat' dir='ltr'>Notnrii</span> <span class='ocrx_word' id='word_1_393' title='bbox 1172 3719 1265 3784; x_wconf 86' lang='lat' dir='ltr'>publici</span> <span class='ocrx_word' id='word_1_394' title='bbox 1288 3721 1440 3788; x_wconf 87' lang='lat' dir='ltr'>subscriptis</span> <span class='ocrx_word' id='word_1_395' title='bbox 1459 3731 1484 3775; x_wconf 90' lang='lat' dir='ltr'>et</span> 
     </span>
     <span class='ocr_line' id='line_1_39' title="bbox 241 3805 1483 3872; baseline 0.002 -13"><span class='ocrx_word' id='word_1_396' title='bbox 241 3807 326 3870; x_wconf 88' lang='lat' dir='ltr'>sigillo</span> <span class='ocrx_word' id='word_1_397' title='bbox 345 3817 472 3870; x_wconf 86' lang='lat' dir='ltr'>personae</span> <span class='ocrx_word' id='word_1_398' title='bbox 490 3808 516 3858; x_wconf 89' lang='lat' dir='ltr'>itt</span> <span class='ocrx_word' id='word_1_399' title='bbox 536 3805 708 3859; x_wconf 87' lang='lat' dir='ltr'>ecclesiastica</span> <span class='ocrx_word' id='word_1_400' title='bbox 728 3807 852 3870; x_wconf 79' lang='lat' dir='ltr'>dignitate</span> <span class='ocrx_word' id='word_1_401' title='bbox 871 3809 1025 3860; x_wconf 88' lang='lat' dir='ltr'>constitutae</span> <span class='ocrx_word' id='word_1_402' title='bbox 1044 3809 1147 3860; x_wconf 87' lang='lat' dir='ltr'>rnunitis</span> <span class='ocrx_word' id='word_1_403' title='bbox 1174 3809 1265 3861; x_wconf 87' lang='lat' dir='ltr'>eadem</span> <span class='ocrx_word' id='word_1_404' title='bbox 1291 3820 1396 3872; x_wconf 90' lang='lat' dir='ltr'>prorsus</span> <span class='ocrx_word' id='word_1_405' title='bbox 1423 3811 1483 3863; x_wconf 82' lang='lat' dir='ltr'>tides</span> 
     </span>
     <span class='ocr_line' id='line_1_40' title="bbox 243 3892 1484 3958; baseline 0.001 -12"><span class='ocrx_word' id='word_1_406' title='bbox 243 3892 407 3954; x_wconf 87' lang='lat' dir='ltr'>adhibeatur,</span> <span class='ocrx_word' id='word_1_407' title='bbox 433 3905 498 3958; x_wconf 85' lang='lat' dir='ltr'>puae</span> <span class='ocrx_word' id='word_1_408' title='bbox 523 3894 690 3946; x_wconf 86' lang='lat' dir='ltr'>adhiberetur</span> <span class='ocrx_word' id='word_1_409' title='bbox 715 3894 775 3956; x_wconf 86' lang='lat' dir='ltr'>ipsis</span> <span class='ocrx_word' id='word_1_410' title='bbox 801 3894 981 3956; x_wconf 87' lang='lat' dir='ltr'>praesentibus</span> <span class='ocrx_word' id='word_1_411' title='bbox 1000 3896 1021 3946; x_wconf 93' lang='lat' dir='ltr'>si</span> <span class='ocrx_word' id='word_1_412' title='bbox 1041 3897 1128 3948; x_wconf 90' lang='lat' dir='ltr'>iorent</span> <span class='ocrx_word' id='word_1_413' title='bbox 1146 3895 1274 3948; x_wconf 82' lang='lat' dir='ltr'>exhibitae</span> <span class='ocrx_word' id='word_1_414' title='bbox 1297 3897 1337 3948; x_wconf 90' lang='lat' dir='ltr'>vel</span> <span class='ocrx_word' id='word_1_415' title='bbox 1351 3903 1484 3951; x_wconf 84' lang='lat' dir='ltr'>ostensae.</span> 
     </span>
     <span class='ocr_line' id='line_1_41' title="bbox 243 3981 1484 4044; baseline 0.001 -11"><span class='ocrx_word' id='word_1_416' title='bbox 243 4008 276 4018; x_wconf 93' lang='grc'>-</span> <span class='ocrx_word' id='word_1_417' title='bbox 303 3982 395 4034; x_wconf 84' lang='lat' dir='ltr'>batum</span> <span class='ocrx_word' id='word_1_418' title='bbox 424 3983 518 4034; x_wconf 82' lang='lat' dir='ltr'>homae</span> <span class='ocrx_word' id='word_1_419' title='bbox 546 3983 612 4044; x_wconf 92' lang='lat' dir='ltr'>apud</span> <span class='ocrx_word' id='word_1_420' title='bbox 641 3984 664 4032; x_wconf 87' lang='lat' dir='ltr'>S.</span> <span class='ocrx_word' id='word_1_421' title='bbox 693 3982 797 4033; x_wconf 88' lang='lat' dir='ltr'>Petrum</span> <span class='ocrx_word' id='word_1_422' title='bbox 824 3981 871 4034; x_wconf 90' lang='lat' dir='ltr'>sub</span> <span class='ocrx_word' id='word_1_423' title='bbox 899 3983 997 4034; x_wconf 75' lang='lat' dir='ltr'>Annulo</span> <span class='ocrx_word' id='word_1_424' title='bbox 1032 3983 1168 4036; x_wconf 88' lang='lat' dir='ltr'>Piscatoris</span> <span class='ocrx_word' id='word_1_425' title='bbox 1202 3983 1242 4036; x_wconf 86' lang='lat' dir='ltr'>dia</span> <span class='ocrx_word' id='word_1_426' title='bbox 1269 3983 1308 4036; x_wconf 92' lang='lat' dir='ltr'>lll.</span> <span class='ocrx_word' id='word_1_427' title='bbox 1337 3983 1484 4036; x_wconf 80' lang='lat' dir='ltr'>Decembris</span> 
     </span>
     <span class='ocr_line' id='line_1_42' title="bbox 243 4065 1115 4134; baseline 0 -12"><span class='ocrx_word' id='word_1_428' title='bbox 243 4065 420 4122; x_wconf 82' lang='lat' dir='ltr'>uutcttxtx</span> <span class='ocrx_word' id='word_1_429' title='bbox 441 4067 603 4120; x_wconf 85' lang='lat' dir='ltr'>Pontillratus</span> <span class='ocrx_word' id='word_1_430' title='bbox 622 4068 708 4120; x_wconf 86' lang='lat' dir='ltr'>Nostri</span> <span class='ocrx_word' id='word_1_431' title='bbox 727 4071 799 4122; x_wconf 82' lang='lat' dir='ltr'>hnuo</span> <span class='ocrx_word' id='word_1_432' title='bbox 817 4068 944 4132; x_wconf 90' lang='lat' dir='ltr'>lligesimo</span> <span class='ocrx_word' id='word_1_433' title='bbox 963 4073 1063 4134; x_wconf 81' lang='lat' dir='ltr'>quarto.</span> <span class='ocrx_word' id='word_1_434' title='bbox 1082 4096 1115 4106; x_wconf 87' lang='lat'>-</span> 
     </span>
    </p>
   </div>
   <div class='ocr_carea' id='block_1_5' title="bbox 893 4155 1450 4212">
    <p class='ocr_par' dir='ltr' id='par_1_5' title="bbox 893 4155 1450 4212">
     <span class='ocr_line' id='line_1_43' title="bbox 893 4155 1450 4212; baseline -0.002 -3"><span class='ocrx_word' id='word_1_435' title='bbox 893 4157 921 4209; x_wconf 88' lang='lat' dir='ltr'>N.</span> <span class='ocrx_word' id='word_1_436' title='bbox 942 4157 1083 4210; x_wconf 84' lang='lat' dir='ltr'>cardinalis</span> <span class='ocrx_word' id='word_1_437' title='bbox 1103 4157 1292 4212; x_wconf 66' lang='lat' dir='ltr'>Parme-iani</span> <span class='ocrx_word' id='word_1_438' title='bbox 1313 4155 1450 4212; x_wconf 82' lang='lat' dir='ltr'>Oiarclli.</span> 
     </span>
    </p>
   </div>
   <div class='ocr_carea' id='block_1_6' title="bbox 243 4231 1483 4761">
    <p class='ocr_par' dir='ltr' id='par_1_6' title="bbox 243 4231 1483 4586">
     <span class='ocr_line' id='line_1_44' title="bbox 347 4231 1483 4326; baseline 0.005 -16"><span class='ocrx_word' id='word_1_439' title='bbox 347 4260 373 4314; x_wconf 92' lang='lat' dir='ltr'>ti.</span> <span class='ocrx_word' id='word_1_440' title='bbox 392 4260 527 4323; x_wconf 79' lang='lat' dir='ltr'>lhrsorge,</span> <span class='ocrx_word' id='word_1_441' title='bbox 548 4260 596 4311; x_wconf 89' lang='lat' dir='ltr'>tvie</span> <span class='ocrx_word' id='word_1_442' title='bbox 609 4231 644 4310; x_wconf 64' lang='lat' dir='ltr'>¹es</span> <span class='ocrx_word' id='word_1_443' title='bbox 663 4259 708 4310; x_wconf 89' lang='lat' dir='ltr'>mit</span> <span class='ocrx_word' id='word_1_444' title='bbox 727 4259 784 4310; x_wconf 88' lang='grc'><strong>111111</strong></span> <span class='ocrx_word' id='word_1_445' title='bbox 805 4260 829 4312; x_wconf 90' lang='lat' dir='ltr'>b.</span> <span class='ocrx_word' id='word_1_446' title='bbox 849 4259 909 4311; x_wconf 86' lang='lat' dir='ltr'>liele</span> <span class='ocrx_word' id='word_1_447' title='bbox 928 4273 959 4312; x_wconf 86' lang='lat' dir='ltr'>zn</span> <span class='ocrx_word' id='word_1_448' title='bbox 978 4261 1067 4314; x_wconf 88' lang='lat' dir='ltr'>italien</span> <span class='ocrx_word' id='word_1_449' title='bbox 1086 4262 1132 4326; x_wconf 88' lang='lat' dir='ltr'>sei,</span> <span class='ocrx_word' id='word_1_450' title='bbox 1151 4276 1228 4316; x_wconf 77' lang='lat' dir='ltr'>werin</span> <span class='ocrx_word' id='word_1_451' title='bbox 1247 4275 1289 4316; x_wconf 89' lang='lat' dir='ltr'>am</span> <span class='ocrx_word' id='word_1_452' title='bbox 1309 4263 1483 4316; x_wconf 74' lang='grc'><strong>1111111111-</strong></span> 
     </span>
     <span class='ocr_line' id='line_1_45' title="bbox 243 4331 1483 4413; baseline 0 -13"><span class='ocrx_word' id='word_1_453' title='bbox 243 4349 366 4410; x_wconf 83' lang='lat' dir='ltr'>nerstage</span> <span class='ocrx_word' id='word_1_454' title='bbox 385 4347 444 4399; x_wconf 83' lang='lat' dir='ltr'>bein</span> <span class='ocrx_word' id='word_1_455' title='bbox 463 4345 565 4397; x_wconf 86' lang='lat' dir='ltr'>suithes</span> <span class='ocrx_word' id='word_1_456' title='bbox 584 4331 633 4398; x_wconf 78' lang='lat' dir='ltr'>neu</span> <span class='ocrx_word' id='word_1_457' title='bbox 652 4345 792 4399; x_wconf 82' lang='lat' dir='ltr'>consentiri</span> <span class='ocrx_word' id='word_1_458' title='bbox 817 4347 922 4398; x_wconf 80' lang='lat' dir='ltr'>werden</span> <span class='ocrx_word' id='word_1_459' title='bbox 942 4347 1025 4413; x_wconf 80' lang='lat' dir='ltr'>kann,</span> <span class='ocrx_word' id='word_1_460' title='bbox 1050 4349 1108 4400; x_wconf 88' lang='lat' dir='ltr'>weil</span> <span class='ocrx_word' id='word_1_461' title='bbox 1129 4349 1176 4402; x_wconf 87' lang='lat' dir='ltr'>der</span> <span class='ocrx_word' id='word_1_462' title='bbox 1195 4351 1299 4402; x_wconf 83' lang='lat' dir='ltr'>biscboi</span> <span class='ocrx_word' id='word_1_463' title='bbox 1315 4350 1360 4401; x_wconf 89' lang='lat' dir='ltr'>der</span> <span class='ocrx_word' id='word_1_464' title='bbox 1379 4351 1483 4402; x_wconf 74' lang='lat' dir='ltr'>bidense</span> 
     </span>
     <span class='ocr_line' id='line_1_46' title="bbox 244 4433 1482 4500; baseline 0.003 -17"><span class='ocrx_word' id='word_1_465' title='bbox 244 4446 336 4496; x_wconf 86' lang='lat' dir='ltr'>wegeu</span> <span class='ocrx_word' id='word_1_466' title='bbox 356 4433 402 4486; x_wconf 89' lang='lat' dir='ltr'>des</span> <span class='ocrx_word' id='word_1_467' title='bbox 421 4433 520 4486; x_wconf 79' lang='lat' dir='ltr'>concils</span> <span class='ocrx_word' id='word_1_468' title='bbox 539 4433 694 4496; x_wconf 86' lang='lat' dir='ltr'>abvveseud,</span> <span class='ocrx_word' id='word_1_469' title='bbox 717 4433 776 4486; x_wconf 86' lang='lat' dir='ltr'>hein</span> <span class='ocrx_word' id='word_1_470' title='bbox 796 4433 976 4485; x_wconf 86' lang='lat' dir='ltr'>Weibbiscboi</span> <span class='ocrx_word' id='word_1_471' title='bbox 997 4437 1230 4500; x_wconf 82' lang='lat' dir='ltr'>authehgeblieben</span> <span class='ocrx_word' id='word_1_472' title='bbox 1252 4435 1303 4490; x_wconf 88' lang='lat' dir='ltr'>und</span> <span class='ocrx_word' id='word_1_473' title='bbox 1329 4438 1395 4488; x_wconf 87' lang='lat' dir='ltr'>aueb</span> <span class='ocrx_word' id='word_1_474' title='bbox 1414 4438 1482 4489; x_wconf 89' lang='lat' dir='ltr'>nicht</span> 
     </span>
     <span class='ocr_line' id='line_1_47' title="bbox 244 4519 1483 4586; baseline 0.002 -15"><span class='ocrx_word' id='word_1_475' title='bbox 244 4531 290 4571; x_wconf 86' lang='lat' dir='ltr'>aus</span> <span class='ocrx_word' id='word_1_476' title='bbox 309 4519 380 4572; x_wconf 87' lang='lat' dir='ltr'>einer</span> <span class='ocrx_word' id='word_1_477' title='bbox 399 4519 590 4572; x_wconf 89' lang='lat' dir='ltr'>benacbbarten</span> <span class='ocrx_word' id='word_1_478' title='bbox 608 4519 713 4572; x_wconf 88' lang='lat' dir='ltr'>bibcese</span> <span class='ocrx_word' id='word_1_479' title='bbox 737 4531 788 4571; x_wconf 90' lang='lat' dir='ltr'>neu</span> <span class='ocrx_word' id='word_1_480' title='bbox 807 4521 981 4573; x_wconf 87' lang='lat' dir='ltr'>cousaorirtes</span> <span class='ocrx_word' id='word_1_481' title='bbox 996 4535 1029 4585; x_wconf 77' lang='lat' dir='ltr'>pu</span> <span class='ocrx_word' id='word_1_482' title='bbox 1048 4522 1172 4575; x_wconf 87' lang='lat' dir='ltr'>bezieben</span> <span class='ocrx_word' id='word_1_483' title='bbox 1190 4523 1236 4586; x_wconf 84' lang='lat' dir='ltr'>ist,</span> <span class='ocrx_word' id='word_1_484' title='bbox 1266 4522 1329 4574; x_wconf 84' lang='lat' dir='ltr'>triiit</span> <span class='ocrx_word' id='word_1_485' title='bbox 1347 4523 1483 4586; x_wconf 86' lang='lat' dir='ltr'>folgendes</span> 
     </span>
    </p>

    <p class='ocr_par' dir='ltr' id='par_1_7' title="bbox 348 4602 1482 4761">
     <span class='ocr_line' id='line_1_48' title="bbox 494 4602 1233 4674; baseline 0.004 -16"><span class='ocrx_word' id='word_1_486' title='bbox 494 4604 662 4662; x_wconf 83' lang='lat' dir='ltr'>Decrettms</span> <span class='ocrx_word' id='word_1_487' title='bbox 679 4619 701 4658; x_wconf 87' lang='lat' dir='ltr'>a.</span> <span class='ocrx_word' id='word_1_488' title='bbox 723 4602 832 4674; x_wconf 74' lang='lat' dir='ltr'>conpr.</span> <span class='ocrx_word' id='word_1_489' title='bbox 850 4605 911 4660; x_wconf 81' lang='lat' dir='ltr'>itti.</span> <span class='ocrx_word' id='word_1_490' title='bbox 930 4607 958 4662; x_wconf 72' lang='lat' dir='ltr'>ei</span> <span class='ocrx_word' id='word_1_491' title='bbox 978 4606 1023 4661; x_wconf 83' lang='lat'>17.</span> <span class='ocrx_word' id='word_1_492' title='bbox 1042 4607 1130 4661; x_wconf 81' lang='lat' dir='ltr'>Febr.</span> <span class='ocrx_word' id='word_1_493' title='bbox 1148 4607 1233 4661; x_wconf 78' lang='lat'><em>1870.</em></span> 
     </span>
     <span class='ocr_line' id='line_1_49' title="bbox 348 4682 1482 4761; baseline 0 -12"><span class='ocrx_word' id='word_1_494' title='bbox 348 4692 467 4750; x_wconf 85' lang='lat' dir='ltr'>Nonnulli</span> <span class='ocrx_word' id='word_1_495' title='bbox 492 4682 629 4748; x_wconf 81' lang='lat' dir='ltr'>Sacrorum</span> <span class='ocrx_word' id='word_1_496' title='bbox 654 4691 796 4757; x_wconf 75' lang='grc'><strong>1111111111,</strong></span> <span class='ocrx_word' id='word_1_497' title='bbox 821 4693 862 4761; x_wconf 79' lang='lat' dir='ltr'>hui</span> <span class='ocrx_word' id='word_1_498' title='bbox 887 4694 1056 4750; x_wconf 86' lang='lat' dir='ltr'>oecumenico</span> <span class='ocrx_word' id='word_1_499' title='bbox 1076 4695 1187 4752; x_wconf 81' lang='lat' dir='ltr'>Concilio</span> <span class='ocrx_word' id='word_1_500' title='bbox 1207 4696 1328 4750; x_wconf 84' lang='lat' dir='ltr'>Vaticano</span> <span class='ocrx_word' id='word_1_501' title='bbox 1347 4695 1482 4760; x_wconf 86' lang='lat' dir='ltr'>intersunt,</span> 
     </span>
    </p>
   </div>
   <div class='ocr_carea' id='block_1_7' title="bbox 0 0 1594 5010">
    <p class='ocr_par' dir='ltr' id='par_1_8' title="bbox 0 0 1594 5010">
     <span class='ocr_line' id='line_1_50' title="bbox 0 0 1594 5010; baseline 0 0"><span class='ocrx_word' id='word_1_502' title='bbox 0 0 1594 5010; x_wconf 95' lang='lat' dir='ltr'> </span> 
     </span>
    </p>
   </div>
  </div>
 </body>
</html>
