3192 5008
235 279 298 346 342
359 295 482 371 Vering,
501 301 591 364 thien,
609 297 737 353 Schriften
756 265 809 352 und
827 298 955 354 Whvrsche
973 311 1031 354 zum
1049 303 1167 354 brumen.
1184 298 1279 356 concii.
1297 301 1355 364 (ll.)

338 469 372 536 Si
394 470 477 536 enim
499 489 636 552 unquam
659 470 746 548 alias,
770 470 828 536 hoc
850 471 981 536 maxime
1004 473 1150 554 ternpore,
1174 489 1234 556 quo
1248 490 1318 538 vere
1341 471 1420 536 luxit
1440 474 1473 536 et

234 555 363 622 defluxit
382 559 467 622 terra
487 557 605 622 inlecta
627 557 666 622 ab
688 557 916 624 habitatoribus
938 557 1003 622 suis
1025 559 1110 638 (lsai.
1134 559 1186 636 24,
1208 560 1239 626 4.
1263 559 1326 643 5.),
1349 557 1472 624 divinae

233 645 353 796 gloriae
375 643 467 724 aolus,
491 646 523 709 et
547 643 700 708 Dominioi
722 645 827 728 gregis
849 644 932 709 salus
955 645 1086 710 aNobis
1107 645 1256 728 postulat,
1279 648 1317 710 ut
1340 645 1473 710 circum·

255 731 342 796 dmus
363 729 436 796 Sion
458 731 490 795 et
513 730 752 813 complectamur
774 750 859 809 eam,
892 750 1052 796 narremus
1084 732 1118 796 in
1149 732 1286 798 turribus
1322 733 1406 816 ejus,
1439 735 1472 798 et

232 835 382 902 ponamm
405 817 497 882 corda
517 817 634 884 Nostra
654 817 688 882 in
710 817 826 883 virtute
848 820 914 900 ejus
937 818 1067 900 (Psalm.
1089 819 1142 898 47,
1169 819 1218 885 ll.
1242 818 1330 900 lai„

333 920 455 986 Videtis
477 922 570 999 enim,
593 921 791 988 Venerabiles
814 923 950 1000 Fratres,
972 923 1088 1006 quanto
1110 921 1229 1005 impetu
1251 922 1397 1006 antiquus
1411 921 1471 987 hu-

232 1007 317 1072 mani
339 1008 460 1095 generis
483 1008 582 1073 hostis
606 1009 740 1073 Domum
762 1009 839 1087 Dei,
861 1028 955 1091 quam
978 1009 1067 1074 decet
1088 1009 1280 1086 sanctitudo,
1304 1021 1471 1093 aggressus

232 1095 275 1160 sit
298 1097 447 1178 eiusque
470 1095 681 1180 aggrediatur.
726 1095 771 1161 Flo
804 1097 928 1160 auctore
961 1095 1085 1160 lunesta
1117 1095 1172 1160 illa
1205 1097 1371 1179 impiorum
1398 1115 1470 1160 con·

227 1181 345 1265 juratio
366 1181 430 1247 iate
452 1184 628 1267 grassatur,
652 1201 730 1265 quaa
752 1182 964 1266 conjunctione
986 1183 1092 1262 fortis,
1116 1183 1224 1266 opibus
1245 1183 1372 1265 potens,
1394 1201 1468 1247 mu-

230 1268 298 1334 nita
319 1268 482 1349 institutis,
506 1270 538 1333 et
559 1269 697 1333 velamen
719 1269 836 1334 habens
848 1269 987 1333 malitiae
998 1269 1177 1334 libertatem
1193 1270 1235 1353 (1.
1248 1269 1332 1334 Prot.
1346 1271 1376 1348 2,
1392 1270 1466 1354 163,
1581 1275 1582 1348 3

230 1355 412 1420 acerrimum
436 1355 581 1421 adversus
604 1355 750 1422 Sanctam
773 1354 891 1421 Christi
905 1355 1076 1420 Ecclesiam
1098 1356 1223 1435 bellum,
1246 1356 1331 1420 omni
1353 1356 1468 1421 scelere
1581 1387 1582 1398 κ

229 1443 400 1522 imbutum,
430 1460 541 1542 urgere
563 1460 623 1506 non
645 1441 768 1507 desinit.
814 1441 916 1526 Hujus
937 1441 1013 1507 belli
1036 1461 1146 1526 genus,
1169 1443 1246 1522 vim,
1267 1461 1372 1520 arma,
1395 1462 1467 1526 pro·

230 1547 367 1612 gressus,
401 1529 529 1594 consilia
560 1547 620 1593 non
650 1529 810 1612 ignoratis.
871 1529 1016 1594 Versatur
1053 1529 1144 1593 Vobis
1180 1530 1371 1595 continenter
1394 1531 1467 1595 ante

229 1616 331 1680 oculos
354 1634 498 1682 sanarum
520 1615 745 1694 doctrinarum,
779 1616 889 1698 quibus
922 1617 1076 1680 humanae
1103 1635 1151 1680 res
1179 1616 1211 1680 in
1241 1617 1305 1680 suis
1328 1635 1466 1700 quaeque

230 1701 386 1766 ordinibus
408 1702 593 1780 innituntur,
616 1703 809 1784 perturbatio
832 1703 864 1766 et
886 1701 1032 1781 conlusio,
1056 1703 1197 1768 luctuosa
1214 1702 1295 1785 juris
1318 1703 1466 1786 cujusque

229 1789 393 1872 perversio,
414 1789 602 1874 multiplices
624 1789 793 1855 mentiendi
815 1787 961 1854 audacter
983 1791 1015 1854 et
1037 1789 1250 1872 corrumpendi
1271 1790 1368 1868 artes,
1393 1790 1465 1872 qui-

230 1877 288 1940 bus
314 1875 471 1959 iustitiae,
498 1872 670 1941 honestatis
699 1876 731 1940 et
761 1875 954 1940 auctoritatis
978 1875 1129 1941 salutaria
1152 1876 1274 1960 vincula
1294 1877 1465 1954 solvuntur,

228 1963 379 2046 pessimae
402 1981 539 2046 quaeque
563 1961 749 2044 cupiditates
764 1962 1007 2041 inflammantur,
1031 1961 1208 2028 Christiana
1222 1962 1312 2026 Fides
1336 1963 1374 2028 ab
1398 1964 1465 2028 ani·

228 2053 288 2116 mis
321 2047 461 2114 funditus
494 2049 692 2126 convellitur,
726 2049 772 2113 ita
791 2049 827 2112 ut
850 2051 969 2114 certum
990 2049 1047 2114 hoc
1069 2051 1207 2132 tempore
1229 2049 1384 2114 Ecclesiae
1405 2050 1465 2114 Dei

227 2135 426 2200 metuendum
449 2137 530 2200 esset
548 2136 692 2214 exitium,
715 2136 742 2200 si
763 2135 835 2200 ullis
864 2136 1023 2200 homiuum
1052 2135 1331 2204 machinationibus
1354 2137 1387 2200 et
1408 2155 1462 2201 co-

228 2223 353 2287 natibus
371 2221 506 2288 exscindi
520 2223 632 2306 posset.
663 2223 708 2288 Ar
722 2221 801 2287 nihil
816 2223 954 2288 Ecclesia
969 2223 1135 2306 potentius,
1157 2223 1317 2306 inquiebat
1332 2222 1464 2288 Sanctus

226 2309 363 2376 Joannes
386 2307 639 2394 chrysostomus,
663 2310 801 2376 Ecclesia
834 2311 880 2374 est
912 2310 978 2393 ipso
1001 2309 1085 2374 caelo
1118 2310 1236 2375 fortior.
1282 2308 1410 2374 Ocelum
1433 2313 1465 2375 et

225 2399 308 2464 terra
341 2397 520 2462 transibunt
552 2397 646 2462 verba
680 2397 785 2461 autem
817 2415 888 2462 mea
919 2415 980 2460 nou
1004 2396 1192 2462 transibunt.
1224 2395 1324 2476 ¹Quas
1346 2397 1464 2462 verba?

226 2485 274 2550 Fu
296 2501 329 2548 es
353 2483 481 2562 Petrus,
516 2485 548 2549 et
581 2503 672 2568 super
703 2483 784 2548 hanc
806 2483 932 2548 Petram
965 2482 1134 2548 aedificabo
1157 2482 1327 2548 Ecclesiam
1349 2501 1463 2562 meam,
1581 2493 1582 2496 ’

226 2573 258 2636 et
278 2571 385 2653 portae
418 2569 511 2636 inferi
543 2589 603 2634 non
632 2569 853 2653 praevalebunt
883 2571 1029 2636 adversus
1051 2589 1120 2635 eam
1143 2567 1272 2654 (Homil.
1297 2571 1370 2635 ante
1392 2571 1463 2636 exil.
1581 2583 1582 2598 ¹

225 2676 255 2724 n.
288 2658 331 2742 1.)
662 2667 665 2675 “
1191 2695 1192 2700 1
1378 2686 1380 2692 ·
1426 2699 1428 2702 -

327 2741 522 2826 Quamquam
545 2757 616 2809 vero
639 2743 757 2810 Civitas
781 2743 906 2808 Domini
926 2743 1096 2822 virtutum,
1123 2741 1242 2808 Civitas
1264 2743 1323 2807 Dei
1344 2743 1463 2822 Nostri,
1581 2759 1582 2780 ³

224 2829 453 2915 inexpugnabili
468 2829 667 2896 fundamento
682 2831 810 2909 nitatur,
834 2832 939 2896 tamen
957 2831 1168 2914 agnoscentes,
1191 2849 1227 2895 ac
1241 2831 1352 2896 intimo
1372 2829 1464 2896 corde

182 2931 185 2933 ’
225 2915 362 2982 dolentes
383 2918 505 2982 tantam
527 2917 876 3002 malorumcongeriem
898 2917 1131 3000 animarumque
1153 2918 1284 2996 ruinam,
1308 2917 1346 2981 ad
1368 2935 1463 3002 quam

223 3003 421 3070 avertendam
444 3003 493 3070 vel
514 3004 612 3070 vitam
633 3023 745 3088 ponere
766 3005 868 3086 parati
890 3023 1036 3082 essemus,
1061 3005 1126 3069 Nos
1142 3006 1195 3088 qui
1217 3004 1336 3070 aeterni
1351 3003 1464 3068 Pasto-

222 3090 266 3156 ris
287 3091 411 3157 Vicaria
444 3090 477 3156 in
499 3091 602 3156 Farris
624 3092 837 3174 procuratione
868 3091 1047 3176 fungentes,
1082 3091 1146 3156 zelo
1177 3091 1285 3156 domus
1307 3091 1367 3156 Dei
1387 3109 1464 3173 prae
1581 3135 1582 3172 3

222 3178 352 3243 caeteris
373 3177 573 3244 incendamur
595 3196 717 3244 necesse
740 3180 804 3258 est,
839 3197 907 3242 eum
940 3177 1024 3243 viam
1047 3178 1078 3243 et
1111 3177 1262 3250 rationem
1294 3177 1463 3242 ineundam

221 3261 319 3330 Nobis
352 3283 416 3330 esse
449 3263 605 3344 duximuS,
639 3283 717 3348 quae
751 3265 790 3329 ad
823 3265 871 3330 tot
893 3264 1049 3330 Ecclesiae
1084 3263 1270 3330 detrimenta
1300 3263 1463 3329 sarcienda
1581 3281 1582 3308 i

221 3352 328 3416 utilior
350 3354 382 3418 et
403 3351 601 3435 opportunior
622 3350 787 3416 videretur.
833 3351 879 3416 Ac
901 3351 980 3416 illud
1001 3349 1101 3415 Isaiae
1123 3370 1213 3434 saepe
1236 3351 1339 3416 animo
1360 3351 1462 3417 revol-

221 3440 327 3505 ventes
350 3439 415 3504 »ini
436 3438 595 3504 consilium
620 3457 694 3522 coge
717 3437 917 3516 concilium«
947 3439 978 3504 et
1010 3439 1191 3520 reputantes
1213 3437 1389 3520 hujmmodi
1411 3455 1463 3500 re-

220 3525 357 3592 medium
379 3527 411 3590 in
434 3525 626 3610 gravissimis
648 3525 693 3590 rei
715 3523 901 3590 christianae
923 3524 1116 3607 temporibus
1139 3524 1462 3590 aPraedecessoribus

219 3613 342 3678 Nostris
364 3612 544 3678 salutariter
557 3631 623 3676 essa
638 3613 830 3694 usurpatum,
853 3612 922 3694 post
937 3610 1099 3678 diuturnas
1115 3629 1231 3693 preces,
1254 3613 1323 3694 post
1346 3611 1462 3676 collata

220 3719 288 3765 curn
325 3699 558 3766 venerabilibus
590 3699 754 3764 Fratribus
785 3699 908 3764 Nostris
942 3697 1074 3764 Sanctae
1112 3699 1269 3764 Romanae
1303 3697 1462 3764 Ecclesiae

220 3786 436 3852 Oardinalibus
459 3785 600 3863 consilia,
631 3786 700 3869 post
729 3785 864 3868 expetita
893 3785 990 3850 etiam
1018 3784 1154 3868 plurium
1177 3783 1339 3850 Sacrorum
1362 3785 1460 3850 Anti-

219 3875 329 3939 stitum
361 3873 523 3958 suffragia,
557 3873 636 3950 Vos,
671 3872 869 3938 Venerabiles
901 3872 1043 3951 Fratres,
1077 3871 1130 3954 qui
1165 3871 1240 3936 estis
1270 3871 1317 3936 sal
1346 3871 1461 3951 terrae,

220 3959 368 4026 Custodes
390 3960 544 4026 Dominici
565 3959 675 4044 Gregis
693 3961 730 4024 et
751 3958 912 4036 Pastores,
944 3957 1027 4042 apud
1055 3957 1136 4022 hanc
1160 3958 1248 4022 Petri
1271 3957 1461 4023 Osthedram
1581 3987 1582 3992 ¹

219 4047 393 4112 censuimus
417 4046 601 4123 evocandos3
625 4048 719 4128 atque
742 4045 850 4123 hodie,
875 4045 981 4110 divina
1002 4044 1197 4130 benignitate
1219 4044 1462 4128 favente,quae

218 4135 323 4199 tantae
344 4135 391 4199 rei
412 4129 634 4216 impedimenta
656 4132 801 4212 trastulit,
836 4133 961 4198 sanctae
984 4130 1243 4216 Congregationis
1272 4131 1377 4208 initia,
1408 4149 1463 4195 so·
1581 4125 1582 4214 3

217 4221 312 4287 lemni
345 4219 497 4304 majorum
530 4220 597 4286 ritu
628 4219 828 4286 celebramus.
874 4219 934 4284 Tot
957 4219 1062 4284 autem
1083 4220 1174 4300 sunt,
1199 4219 1325 4301 tamque
1346 4217 1460 4282 uberes
1581 4221 1582 4240 ¹

218 4307 358 4374 caritatis
380 4325 503 4387 sensus,
526 4307 637 4390 quibus
659 4307 717 4374 hoc
738 4308 874 4390 ternpore
898 4305 1068 4384 afficimur,
1097 4305 1297 4376 Venerabilas
1319 4305 1459 4384 Fratres,

216 4397 254 4460 ut
286 4413 336 4462 eos
368 4393 402 4459 in
435 4394 504 4462 sinu
538 4395 693 4460 continere
715 4413 775 4458 non
798 4393 965 4460 valeamus.
1010 4392 1158 4458 Videmur
1183 4391 1266 4464 enim
1288 4392 1321 4457 in
1343 4391 1459 4457 Vestro
1581 4415 1582 4460 1

218 4480 390 4566 Conspectu
421 4481 596 4548 nniversam
619 4479 795 4546 Catholicae
829 4479 931 4564 gentis
963 4479 1130 4558 familiam,
1158 4479 1333 4546 carissimos
1354 4478 1458 4551 Nobis
1581 4485 1582 4488 ’

215 4568 310 4634 Fides
332 4569 509 4652 praesentes
530 4568 661 4644 intueri3
684 4568 857 4652 cogitamus
879 4568 928 4631 tot
943 4567 1056 4632 amoris
1070 4566 1210 4650 pignora,
1234 4566 1282 4630 tot
1303 4565 1456 4632 ferventis

217 4655 313 4728 animi
335 4674 435 4740 opera,
458 4655 569 4746 quibus
591 4655 701 4722 Vestro
723 4654 876 4738 impulsu,
902 4652 998 4720 ductu
1021 4653 1052 4720 et
1074 4653 1211 4738 exemplo
1238 4671 1327 4720 suam
1350 4651 1459 4738 pieta-
