3152 5014
187 313 225 368 ru
243 314 271 367 e.
288 313 314 366 e.
332 311 531 366 intusne.
549 312 574 366 a.
593 313 617 365 l.
636 313 703 374 senc
725 310 790 364 leco
809 311 842 362 aa
861 308 976 374 lrenlep.
994 304 1247 361 wesmonasteeen.
1292 283 1354 352 155

219 482 302 549 Dub.
326 483 393 550 IX.
426 483 464 548 In
486 483 614 549 Litteris
637 480 823 566 Apostolicis
844 480 963 564 iegitur
985 478 1109 560 „tribus
1130 476 1238 546 diebus
1260 477 1355 543 etiam

109 609 175 654 nou
196 588 384 654 continuet
430 585 607 668 Quaeritur,
631 605 670 650 an
690 585 722 649 in
742 586 799 651 boc
818 583 969 663 louinco,
994 583 1033 649 ob
1056 581 1139 648 dicta
1161 581 1262 660 verba,
1286 581 1353 648 siu-

108 695 179 776 puti
202 693 268 758 dies
288 691 401 776 jejunii
422 691 621 756 indiversus
642 687 852 755 hebdomadas
875 687 975 753 diuidi
996 686 1138 770 possint?

131 860 133 868 ,
220 797 317 879 Resp.
352 795 396 860 Iu
417 795 473 860 boc
496 794 645 862 Juditaeo
668 792 869 875 affirmative.

219 899 303 966 Dub.
320 899 365 965 X.
388 899 521 964 Attente
543 899 682 964 clausula
704 897 785 978 „bac
807 897 872 962 oica
894 898 1037 961 tontum“
1057 893 1206 977 queritur,
1230 911 1279 971 an,
1303 892 1355 976 qni

110 1005 145 1068 in
167 1023 314 1069 censuras
343 1005 375 1068 et
404 1021 494 1068 casus
523 1002 695 1068 reservatos
725 999 886 1077 inciderit,
920 1021 985 1065 una
1006 1004 1125 1065 tonum
1154 999 1219 1064 eice
1239 997 1356 1063 absolvi

109 1108 222 1191 possit,
244 1109 336 1190 prout
351 1107 447 1172 edixit
459 1106 646 1171 Benedictus
657 1105 740 1170 XIV.
753 1105 786 1168 ia
798 1101 1026 1170 Constitutione
1036 1101 1148 1182 „Inter
1156 1101 1354 1186 praviores;“

110 1213 161 1277 val
181 1211 289 1294 'potins
312 1213 345 1276 in
367 1212 425 1278 boc
448 1211 592 1278 Jubdaeo
614 1209 707 1275 toties
728 1208 849 1293 quoties
871 1207 904 1272 in
927 1225 1071 1273 censuras
1094 1208 1126 1272 et
1147 1213 1245 1272 casus
1258 1225 1356 1272 reser-

111 1317 203 1382 vatos
226 1315 399 1396 incurrerit,
423 1315 541 1382 absolvi
562 1315 686 1398 possiti

220 1420 318 1502 Resp.
341 1421 544 1502 adfirmative
567 1419 606 1484 ad
622 1419 768 1502 primam
778 1422 920 1500 partem3
944 1416 1093 1500 Nepatr'oe
1115 1415 1154 1480 'ad
1176 1415 1355 1482 meandum.

219 1523 304 1590 Dat.
329 1525 393 1590 XI.
416 1525 466 1590 Aa
486 1524 540 1608 qui
561 1522 723 1607 privilegio
745 1521 856 1586 Buliao
880 1520 1042 1586 Cruciatae
1064 1519 1190 1604 gaudet,
1213 1519 1270 1584 hoc
1285 1519 1356 1584 tan·

112 1631 184 1694 tum
198 1628 302 1708 t‘tulo,
325 1629 390 1694 sine
413 1629 475 1694 alia
498 1647 600 1706 causa,
624 1629 656 1692 in
675 1627 801 1711 Jejuniis
816 1625 955 1692 Jubilaei
976 1623 1117 1689 carnibus
1140 1623 1222 1690 vesci
1236 1622 1356 1710 pessit?

220 1731 304 1798 Dub.
329 1733 414 1798 XII.
439 1733 488 1798 An
510 1733 620 1798 saitem
643 1731 726 1796 vesci
748 1730 852 1796 valeat
872 1729 936 1794 ovis
961 1729 993 1794 et
1013 1727 1201 1794 lacticiniis?

221 1838 318 1920 Resp.
343 1837 392 1902 Ad
415 1837 470 1903 lli.
495 1837 527 1903 et
548 1837 619 1902 XII.
650 1834 849 1902 Permittitur
871 1852 907 1899 ex
922 1833 1048 1918 speciali
1071 1831 1254 1899 Sanct‘tatis
1277 1831 1357 1898 Suae

5 1947 7 1980 ³
111 1942 255 2021 indulto,
286 1943 322 2008 nt
351 1943 374 2008 ii
382 1991 390 2024 ,
422 1943 475 2025 qui
504 1941 665 2025 privilegio
692 1940 803 2005 Baiias
833 1938 997 2005 Cruciatee
1028 1938 1169 2023 legitime
1201 1937 1357 2015 fruuntur,

112 2047 243 2112 tantum
265 2046 330 2110 ovis
353 2047 385 2112 et
406 2046 539 2112 iactioiIs
561 2046 595 2111 in
614 2044 741 2130 jejuniis
763 2063 818 2128 pro
833 2043 978 2110 Jubiiaeo
1000 2041 1197 2126 praescriptis
1218 2041 1266 2106 uti
1288 2059 1357 2124 pos-

113 2150 190 2230 sint,
213 2151 336 2216 servata
358 2150 390 2216 in
413 2151 523 2217 ceteris
543 2150 655 2236 jejunii
677 2147 878 2216 ecclesiastici
899 2148 1008 2213 forma.

220 2254 340 2320 Datum
368 2253 484 2320 Romae
514 2274 530 2320 e
560 2253 653 2320 Sacra
684 2251 929 2338 eongrcgationa
959 2249 1228 2334 Indulgentiarum
1257 2249 1289 2314 et
1311 2245 1357 2314 Ss.

114 2357 341 2442 Reliquiurum,
365 2358 414 2425 die
440 2359 489 2425 io.
513 2357 592 2426 tulii
617 2357 708 2423 1869.

490 2464 532 2544 A.
557 2461 646 2528 Oard.
668 2459 808 2526 Bucari
829 2459 981 2526 Praetect

740 2564 801 2630 Pro
823 2564 866 2630 lt.
889 2563 927 2630 P.
950 2563 993 2632 D.
1017 2561 1188 2630 Secreterio
1218 2589 1220 2594 ·

646 2669 827 2735 Dominious
848 2667 952 2736 Sarra
975 2667 1256 2734 Pro-Substitutus.

221 2779 251 2830 ll.
280 2781 343 2832 lluss
361 2777 409 2830 aui
424 2777 484 2828 dem
502 2777 587 2830 concil
607 2778 647 2829 dle
665 2774 777 2842 bercits
796 2775 945 2831 kircbticb
962 2774 1186 2830 verurtbeitteu
1201 2771 1359 2828 Irrtcbreu

115 2865 202 2920 uicbt
220 2863 381 2918 uocbmats
398 2877 456 2917 aur
480 2861 702 2932 Verbaudtuup
720 2864 850 2926 konemen,
869 2863 938 2928 zeigt
955 2863 1092 2927 fulgentes
1110 2863 1204 2914 Breve:

122 2951 303 3007 Venerabili
319 2950 419 3018 fratri
437 2949 572 3026 Haurico
590 2949 750 3016 Eduardo,
770 2947 1011 3018 Arcbtepiscopo
1029 2945 1359 3003 Westmouasterieusi.

613 3035 690 3090 Pius
707 3035 741 3090 P.
759 3035 793 3089 P.
811 3034 866 3090 IX.

223 3123 379 3177 Venerabilis
397 3123 487 3188 irater,
507 3123 667 3176 salutemet
678 3124 847 3188 apostolicam
867 3123 1082 3176 benedictionem.
1116 3120 1166 3173 Per
1179 3118 1360 3184 ephemerides

117 3211 275 3274 accepimns,
294 3213 427 3264 doctorem
446 3210 581 3276 cnmmlng
599 3213 702 3263 Scotum
721 3211 883 3275 quaesivisse
902 3225 917 3262 a
936 3215 977 3273 te,
1001 3221 1063 3262 num
1086 3210 1113 3260 ln
1136 3209 1225 3262 tuturo
1247 3207 1360 3258 concillo

118 3296 303 3351 dissidentibus
322 3297 442 3350 iacienda
460 3299 493 3350 sit
511 3299 623 3361 potestus
643 3310 675 3350 ea
700 3280 850 3361 proterendi
874 3302 1026 3360 arguments
1050 3309 1118 3362 auae
1142 3307 1205 3348 suae
1229 3293 1361 3359 oppinionp

118 3384 258 3445 samusart
279 3384 449 3450 arbitrentar;
469 3387 494 3436 te
513 3387 599 3436 autem
618 3385 799 3448 respondente,
817 3383 843 3436 id
862 3396 877 3435 a
894 3384 972 3437 Nobis
988 3395 1046 3436 esse
1059 3382 1259 3444 decernendum,
1277 3379 1360 3443 ipsum

122 3472 172 3522 bae
190 3470 223 3522 de
241 3482 270 3522 re
288 3471 320 3522 sd
340 3483 388 3522 nos
406 3470 549 3535 scripsisse.
584 3471 678 3523 Verum
696 3472 716 3523 sl
735 3473 910 3534 postulantem
927 3483 979 3522 non
997 3471 1061 3524 latet
1087 3469 1268 3522 cslncllcornn
1295 3465 1361 3519 tides

118 3556 151 3609 de
170 3556 321 3621 magisterio
339 3567 355 3608 a
373 3556 459 3610 illino
478 3559 617 3610 servatore
636 3557 725 3610 nostro
754 3556 891 3610 commisso
912 3555 1042 3608 Ecclesiae
1069 3567 1145 3618 suae,
1172 3557 1198 3607 et
1224 3553 1256 3606 de
1284 3553 1360 3617 balas

118 3643 299 3696 infallibilitate
317 3654 456 3708 propterea
479 3645 505 3696 in
529 3645 681 3698 deliniendis
706 3642 898 3710 quaestionibus
923 3643 955 3720 de
979 3642 1099 3706 dogmate
1123 3641 1149 3693 et
1167 3641 1296 3700 moribus:
1315 3639 1361 3692 du·

119 3729 205 3782 citare
223 3731 338 3794 nepulblt
356 3731 416 3796 quin
434 3731 546 3784 Ecclesia
564 3731 618 3796 ipsa
637 3732 690 3794 pell
717 3743 769 3784 non
788 3731 896 3794 debeat,
919 3729 1035 3782 revocari
1059 3740 1161 3781 rursum
1183 3728 1209 3781 ln
1233 3729 1360 3792 discepta-

119 3818 216 3870 tionem
235 3828 340 3868 errores
358 3829 423 3882 quos
440 3817 533 3870 sedulo
552 3818 685 3880 expendit,
699 3817 824 3881 judicavit
842 3817 868 3868 et
886 3816 1023 3868 damnavit.
1059 3813 1111 3866 llac
1123 3814 1190 3866 aliud
1210 3815 1234 3867 ei
1251 3804 1367 3869 sundere

120 3905 231 3966 possunt
249 3903 352 3956 litterae
369 3905 488 3956 Nostrae.
524 3905 587 3956 burn
608 3903 676 3956 eninr
703 3903 828 3956 diximus:
854 3901 970 3967 „Nemo
987 3900 1128 3968 iniciari
1151 3915 1189 3955 uc
1215 3901 1360 3956 dubitare
1383 3932 1385 3936 ·

118 3993 236 4059 potest,
253 3991 359 4058 ipsum
388 3988 545 4045 Uiriatum
570 3989 678 4046 Jesum
700 3993 737 4043 ut
763 3987 909 4043 humanis
936 3987 1079 4042 omuibus
1104 3987 1361 4059 perorationibus

120 4077 347 4145 redemptionis
365 4091 440 4132 suae
456 4077 580 4146 fructus
598 4076 783 4144 applicaret,
803 4089 893 4130 mam
906 4074 955 4129 bic
967 4076 1003 4129 iet
1015 4077 1109 4130 terris
1121 4090 1220 4144 supra
1232 4074 1360 4129 Petrum

120 4165 249 4218 unicam
269 4163 448 4232 aedificasse
466 4163 649 4228 Ecclesiam,
667 4164 702 4217 id
718 4167 763 4218 est
779 4177 886 4228 uuam,
905 4165 1056 4222 salectam,
1073 4162 1266 4228 catholicum,
1286 4177 1359 4230 apo·

120 4251 274 4317 stolicam,
292 4252 381 4321 eique
398 4253 608 4306 necessariam
628 4265 750 4306 omnem
768 4250 936 4305 contulisse
944 4252 1132 4318 potestatem
1149 4252 1186 4302 ut
1201 4251 1360 4318 uctcprum

120 4337 373 4407 inuiolatumque
391 4339 603 4393 custodiretur
620 4337 694 4406 tides·
712 4337 900 4406 depositum,
924 4349 962 4390 ac
986 4336 1093 4391 eudem
1115 4335 1190 4403 tides
1217 4333 1360 4389 omuibus

120 4424 256 4492 populis,
276 4424 428 4495 paratibus,
447 4425 630 4480 ustionibus
650 4421 863 4491 traderetur,·“
887 4425 937 4478 hoc
960 4423 1017 4488 ipso
1040 4424 1150 4477 diximus
1175 4427 1249 4476 exlrs
1273 4422 1359 4485 dispu-

121 4513 226 4564 tationls
244 4513 328 4565 alecus
346 4514 514 4566 constitutum
527 4525 585 4566 esse
604 4514 751 4577 primatum,
769 4523 822 4565 nou
835 4511 941 4564 nonoris
955 4511 1062 4576 tantum,
1081 4511 1127 4564 sed
1140 4513 1165 4563 et
1175 4507 1359 4575 jurisdictionis

122 4601 197 4651 l’etra
216 4599 322 4663 elusone
340 4601 534 4653 suecessorltrns
552 4599 584 4652 ab
602 4600 729 4654 Ecclesiae
747 4599 893 4652 institutore
913 4599 1041 4651 collatam.
1077 4597 1158 4669 Atqui,
1176 4595 1203 4648 ln
1220 4595 1271 4647 lroc
1288 4594 1361 4648 nimi-

121 4685 181 4738 mm'
200 4685 304 4738 cardine
328 4687 383 4738 tota
405 4684 523 4749 quaestio
545 4689 664 4738 uersatur
681 4685 749 4738 inter
772 4682 909 4737 catholicos
927 4684 954 4736 et
975 4681 1157 4736 dissentientes
1175 4691 1360 4748 quoscumque,
