3152 5014
178 265 240 333 146
303 283 424 357 Verinp,
444 288 536 354 tlten,
554 285 683 341 senunen
701 289 754 343 und
772 285 901 343 Wunsrlre
919 297 985 343 zum'
997 285 1195 343 trumenlseben
1213 282 1308 342 conell.
1335 334 1343 346 ..

117 804 120 808 ·
238 767 349 850 zum
376 765 717 851 beumenlsehen
744 765 994 855 concillum
1020 765 1285 850 Vaticanum
1312 766 1349 848 1.

172 925 291 992 theileu
312 925 368 992 wir
389 923 458 990 hier
480 923 629 988 aunaehst
1042 905 1067 948 ⁶

276 1029 302 1096 Ι.
346 1029 411 1094 Das
432 1025 865 1096 carneas-Aesernina
888 1027 941 1093 des
962 1025 1102 1112 heiligen
1131 1026 1243 1092 Vaters
1272 1047 1341 1094 vem
1365 1029 1419 1096 11.

172 1133 262 1220 April
286 1133 368 1198 1869
391 1131 467 1212 mit,
500 1131 591 1198 unter
620 1129 846 1218 Hinzufdgung
881 1130 999 1218 einiger
1032 1129 1172 1198 dasselbe
1201 1131 1420 1199 alduternder

171 1237 445 1320 mchnnpen
467 1235 524 1301 der
547 1233 825 1302 Ourialbebirden.
1454 1265 1457 1269 ’

111 1377 116 1386 -
172 1349 203 1408 1.
247 1341 304 1410 SS.
331 1339 464 1407 Domini
494 1339 536 1405 N.
559 1337 616 1404 Pa·
637 1337 713 1406 Die.
735 1337 864 1408 Prooid.
894 1337 1003 1422 Papae
1024 1335 1090 1404 IX.
1117 1339 1257 1406 liberm
1278 1339 1425 1420 eposio--

171 1445 252 1514 dicae
274 1441 305 1512 d.
330 1451 381 1512 11.
403 1443 504 1528 April
526 1447 623 1510 1869.
669 1442 789 1526 Quibus
812 1441 999 1512 Conceditur
1023 1441 1174 1508 Omnibus
1188 1440 1415 1526 Obristifidela‘-

171 1550 229 1618 bars
248 1548 452 1634 Indeipentiu
473 1545 629 1614 Enoria
657 1547 693 1612 in
714 1547 838 1614 Forma
863 1547 1005 1615 aniioei
1029 1545 1197 1614 Occasione
1220 1546 1416 1614 oecumenici

717 1651 861 1718 Consilii.

170 1755 322 1825 Omnibus
342 1754 604 1823 christifidelibus
619 1743 806 1822 Praesentes
821 1755 957 1820 Litteras
972 1753 1161 1838 inspecturis
1175 1753 1256 1819 Pins
1267 1751 1332 1820 PP.
1344 1753 1413 1820 IX.

435 1855 575 1924 Salutem
594 1860 630 1924 et
653 1859 862 1942 Apostolieam
886 1857 1147 1924 Benedictienem.
1301 1845 1303 1850 ’

272 1961 372 2028 Nemo
400 1963 483 2029 certe
509 1962 648 2048 ignerat,
676 1961 915 2056 Oecumenieum
942 1961 1112 2028 Concilium
1140 1961 1286 2028 aNobis
1314 1961 1410 2029 inisse

168 2065 323 2132 indictum
340 2067 372 2131 in
388 2065 524 2131 Basilica
540 2067 656 2131 Nostra
671 2067 824 2132 Vaticana
847 2067 895 2132 die
918 2068 948 2132 8.
971 2066 1070 2132 futuri
1092 2065 1205 2132 mensis
1220 2065 1409 2145 Decembris,

168 2170 404 2250 Immaculatae,
429 2169 709 2254 Sanctissimaeque
732 2169 883 2254 Deiparae
909 2169 1048 2256 Virginis
1070 2169 1189 2236 Mariae
1212 2168 1410 2253 Conceptioni

167 2295 264 2356 sacro,
286 2273 503 2341 inchoandum.
549 2275 659 2358 Itaque
689 2275 748 2340 hoc
776 2275 972 2360 potissimum
1003 2277 1141 2358 tempere
1163 2267 1334 2358 numquam
1355 2273 1409 2339 de-

165 2381 307 2446 sistimus
329 2380 362 2448 in
383 2379 563 2444 humilitate
587 2378 686 2444 cerdis
708 2378 817 2444 Nostri
838 2377 1075 2446 ferventissimis
1101 2377 1242 2464 precibus
1265 2396 1353 2442 orare
1377 2378 1409 2442 et

164 2485 322 2550 obsecrare
356 2481 631 2549 clementissimum
662 2483 815 2548 luminum
846 2485 878 2549 et
906 2481 1187 2566 misericordiarum
1215 2483 1357 2560 Patrem,
1389 2499 1408 2545 a

164 2607 223 2672 quo
246 2607 335 2654 omne
359 2587 659 2670 datumoptimum,
690 2587 722 2650 et
751 2605 840 2652 omne
868 2587 981 2672 donum
1004 2587 1175 2672 perfectum
1198 2585 1356 2651 deseendit
1371 2583 1406 2670 ¹),

163 2693 200 2758 ut
221 2691 330 2756 mittat
351 2689 388 2756 de
412 2691 504 2756 coelis
528 2690 647 2756 sedium
668 2709 794 2754 suarum
810 2690 1000 2756 assistricem
1017 2680 1217 2774 sapientiam,
1241 2709 1318 2774 quae
1341 2689 1406 2755 No-

162 2793 284 2862 biscum
298 2794 357 2872 sit,
381 2796 413 2860 et
428 2793 599 2860 Nobiscum
621 2793 752 2874 laboret,
775 2795 807 2859 et
822 2795 956 2860 sciamus
978 2794 1052 2878 quid
1075 2794 1236 2878 acceptum
1259 2793 1301 2858 sit
1324 2793 1405 2878 apud

165 2919 236 2965 eum
249 2898 286 2985 ²).
331 2899 374 2964 nt
395 2918 455 2983 quo
478 2899 601 2963 facilius
624 2898 707 2964 Deus
730 2899 853 2964 Nostris
876 2901 993 2964 annuat
1015 2898 1104 2978 rotie,
1129 2899 1160 2964 et
1172 2897 1300 2962 inclinet
1315 2915 1405 2962 aures

163 3023 235 3070 suas
258 3003 298 3069 ad
319 3023 425 3088 preces
439 2998 589 3084 Nostrae,
614 2993 751 3068 omniurn
764 3001 1021 3068 christifidelium
1043 3003 1225 3088 religionem
1248 3020 1285 3066 ac
1306 3000 1405 3084 pieta-

162 3109 227 3172 tem
250 3105 383 3172 exeitare
405 3105 613 3184 decrevimus,
642 3107 695 3184 ut,
727 3105 899 3190 conjunctis
921 3105 1092 3171 Nobiscum
1114 3106 1272 3190 precibus,
1286 3103 1406 3169 ‘Omni--

161 3211 297 3296 petentis
320 3211 462 3278 dexterae
487 3204 636 3276 auxilium
657 3211 690 3274 et
713 3211 843 3276 eoeleste
858 3210 965 3275 lumen
978 3209 1187 3294 imploremus,
1210 3227 1268 3292 quo
1290 3207 1323 3272 in
1344 3206 1402 3272 hoc

163 3312 359 3381 Concilio'ea
380 3313 483 3380 omnia
505 3313 644 3378 statuere
666 3313 834 3392 valeamus,
858 3332 935 3397 quae
960 3311 1000 3378 ad
1023 3326 1216 3379 communem
1230 3313 1328 3378 totius
1345 3329 1403 3394 pe-

161 3420 227 3504 puli
240 3419 401 3485 christiani
418 3417 560 3498 salutem,
583 3417 826 3502 utilitatemque,
850 3436 886 3484 ae
901 3418 1049 3500 majorem
1065 3417 1236 3482 catholicae
1248 3415 1404 3507 Ecclesiae

162 3523 294 3608 gloriam
317 3523 349 3588 et
370 3521 554 3588 felicitatem
577 3539 613 3586 ae
635 3541 744 3604 pacem
758 3521 890 3586 maxime
912 3521 1057 3606 pertinet.
1102 3522 1142 3586 lit
1158 3519 1303 3606 queniam
1319 3537 1403 3596 eom·

161 3629 283 3711 perium
307 3628 364 3707 est,
386 3626 538 3711 gratiores
561 3625 626 3690 Deo
649 3644 723 3690 esse·
738 3625 898 3690 hominum
920 3643 1026 3710 preces
1046 3623 1074 3690 si
1095 3622 1323 3701 manduculo,
1346 3619 1405 3686 hbe

160 3732 209 3796 est
231 3730 343 3796 animis
367 3730 405 3794 ab
428 3729 511 3795 omni
533 3729 647 3794 scelere
669 3729 815 3812 integris,
838 3729 1003 3813 adipsum
1026 3727 1193 3807 accedant,
1215 3727 1325 3792 iccirco
1345 3727 1405 3792 hac

163 3833 320 3899 occasione
350 3834 497 3900 coelestes
526 3819 797 3918 Indulgentiarum
829 3833 992 3898 thesauros
1022 3831 1244 3916 dispensationi
1269 3830 1405 3896 Nostrae

162 3937 340 4004 commissos
362 3937 541 4022 Apostoliea
570 3935 760 4002 liberalitate
784 3935 1045 4002 Christifidelibus
1076 3954 1214 4002 reserare
1240 3933 1405 4000 eonstitui-

161 4061 248 4122 mus,
276 4043 313 4116 ut
341 4041 412 4108 inde
442 4041 481 4108 ad
510 4061 616 4107 veram
641 4040 865 4126 poenitentiam
891 4039 1022 4122 incensi,
1058 4043 1091 4106 et
1112 4060 1167 4124 per
1189 4036 1404 4104 Paenitentiae

160 4145 396 4212 Sacramentum
418 4165 437 4210 a
457 4145 654 4228 peecatorum
670 4143 799 4208 maculis
820 4143 944 4228 expiati,
969 4143 1007 4208 ad
1024 4143 1172 4208 thronum
1183 4141 1242 4208 Dei
1256 4139 1404 4206 fidentius

155 4251 319 4330 ,accedant
343 4250 468 4336 ejusque
490 4247 733 4314 misericerdiam
756 4249 998 4331 consequantur,
1022 4249 1054 4313 et
1074 4245 1209 4332 gratiam
1235 4245 1267 4312 in
1290 4245 1403 4310 auxilio

159 4356 340 4440 opportuno.

160 4487 472 4502 m

266 4552 292 4612 1)
311 4551 337 4602 S.
356 4551 409 4602 lac.
430 4563 451 4601 c.
471 4548 488 4600 l.
507 4561 531 4598 v.
555 4549 592 4598 17.

262 4638 291 4698 2)
311 4638 423 4700 sapient.
443 4647 499 4698 cap.
517 4634 556 4687 lll.
577 4645 600 4684 v.
619 4634 643 4684 4.
664 4631 703 4681 10.
