3116 5018
225 303 268 369 70
396 317 489 388 spati,
507 319 552 374 ote
569 318 799 374 loson-Goerener
813 318 1130 374 nioman-conterentes
1150 319 1295 373 rhet-dt).

225 496 309 562 libus
329 515 348 560 a
369 493 430 578 piis
453 489 646 558 oblatoribus
678 492 865 574 expetuntur
896 491 984 556 festis
1017 490 1193 574 duplicibus
1220 490 1269 556 vel
1298 489 1384 554 leriis
1406 489 1470 574 pri-

226 599 383 684 vilegiatis
404 594 623 674 celebrandae,
657 595 844 661 edoceantur
864 597 1019 680 petentes,
1042 596 1181 660 rubricas
1210 595 1372 679 prohibere
1395 615 1471 679 quo·

226 705 329 770 minus
351 701 503 788 ejusmodi
524 701 654 766 Votivae
676 700 726 766 his
748 700 857 766 diebus
880 700 1090 778 celebrentur,
1113 701 1146 766 et
1172 700 1257 784 ipsae
1279 699 1471 765 oblatoribus

228 809 439 892 eleemosynae
461 805 726 870 consentientibus
748 803 781 868 in
804 804 881 870 alios
904 803 970 868 dics
991 821 1050 868 non
1081 803 1246 886 impeditos
1269 803 1472 868 remittantur

228 913 277 980 uel
299 930 406 977 earum
427 909 495 975 loco
517 908 632 974 Missae
655 909 693 974 de
716 908 827 975 Officio
848 910 991 974 currente
1013 908 1053 972 ad
1075 908 1279 973 intentionem
1302 907 1472 990 expetitam

228 1017 375 1104 legantur
395 1014 451 1078 aut
473 1013 649 1078 cantentur.

492 1170 662 1238 Decretum
683 1170 733 1237 ΙΙ.
778 1169 830 1236 De
851 1168 1055 1236 Puramentc's
1076 1169 1198 1236 Sacris.

333 1293 431 1360 Juxta
451 1294 591 1360 rubricas
619 1292 780 1377 generales
808 1292 947 1357 Miesalis
973 1293 1005 1358 et
1027 1291 1058 1358 S.
1081 1293 1119 1358 R.
1142 1291 1397 1377 congregationis
1419 1291 1472 1355 de-

230 1399 316 1463 creta
338 1397 523 1463 statuimus:
1337 1419 1340 1424 2

336 1521 367 1603 1)
388 1520 459 1586 Non
481 1519 689 1587 adhibeantur
711 1519 750 1584 ad
767 1517 894 1584 Sacrum
917 1518 1139 1603 perficiendum
1162 1519 1194 1584 et
1216 1518 1255 1583 ad
1271 1491 1473 1584 Sacramenta

142 1713 143 1716 Ἴ
231 1621 478 1689 administranda
498 1625 679 1707 paramenta
699 1622 804 1687 lacera
829 1641 885 1688 nee
907 1623 1058 1706 squalida.

335 1744 369 1828 2)
392 1745 581 1812 Paramenta
596 1747 732 1812 colorum
749 1744 892 1824 caerulei,
915 1744 997 1824 flavi,
1021 1730 1145 1824 cinerei,
1169 1744 1339 1810 aliorumve
1361 1745 1473 1830 quibus

232 1845 262 1912 S.
286 1847 322 1915 s.
345 1848 485 1914 Ecclesia
507 1849 555 1914 uti
577 1868 637 1915 non
659 1848 828 1927 consuevit,
852 1867 1030 1932 comparare
1059 1848 1109 1914 vel
1138 1847 1216 1914 dono
1239 1847 1346 1912 oblata
1368 1867 1474 1938 accep

232 1951 300 2016 tare
323 1953 355 2016 et
376 1951 555 2018 benedicere
579 1951 668 2018 Glero
690 1952 806 2018 Nostro
827 1952 1051 2018 interdicimus.

337 2073 370 2157 3)
393 2074 430 2137 In
450 2073 597 2152 ecclesiis,
619 2073 674 2138 ubi
689 2073 802 2138 saltem
820 2094 916 2140 unum
931 2075 1146 2158 paramentum
1165 2074 1351 2156 completum
1368 2075 1475 2142 unius·

235 2177 383 2262 cujusque
406 2178 533 2243 coloris:
557 2178 631 2257 albi,
664 2178 762 2256 rubei,
797 2178 915 2258 viridis,
938 2177 1068 2244 violacei
1090 2179 1122 2242 et
1144 2177 1227 2262 nigri
1246 2177 1344 2256 adest,
1368 2199 1385 2243 e
1424 2181 1476 2244 uhi

235 2281 314 2348 duae
338 2283 450 2366 Missae
473 2281 580 2348 eodem
602 2281 739 2366 tempore
762 2303 822 2348 non
842 2283 1004 2368 leguntur,
1032 2284 1214 2366 paramenta
1240 2281 1370 2347 eliorum
1395 2285 1478 2350 colo·

233 2406 302 2452 rum
322 2387 356 2452 in
377 2386 510 2452 sacrario
532 2385 895 2470 existentia,.quominus
917 2387 1133 2465 adhibeantur,
1156 2385 1364 2470 prohibemus.

338 2508 374 2592 4)
406 2507 522 2574 Carent
543 2509 678 2574 rectores
711 2509 906 2594 singrrlarum
927 2508 1141 2588 ecclesiarum,
1172 2509 1209 2572 ut
1241 2507 1324 2573 adsit
1345 2507 1380 2574 in
1401 2529 1480 2576 una·

234 2631 354 2694 quaque
378 2631 484 2677 earum
504 2612 659 2678 sufficiens
682 2631 828 2678 numerus
851 2613 1000 2678 stolarum
1023 2612 1229 2680 violaceamm
1247 2632 1301 2695 pro
1324 2613 1480 2696 excipien-

235 2715 282 2779 dis
305 2714 545 2780 confessionibus
565 2714 714 2782 fidelium.
759 2715 864 2782 Stolee
894 2716 1103 2782 sordescentes
1130 2716 1367 2795 comburantur,
1391 2721 1479 2785 novis

234 2817 266 2883 in
289 2836 395 2884 earnm
416 2818 483 2883 loco
505 2817 653 2884 suffectis.
771 2885 776 2892 ,

339 2923 372 3007 5)
395 2923 485 2990 Palla
518 2921 601 3008 nigri
634 2922 743 2988 coloris
777 2923 857 2988 calix
889 2924 923 2988 in
944 2923 1049 2989 Missis
1081 2924 1119 2988 de
1141 2924 1291 3008 Requiem
1317 2943 1479 3009 nunquam

235 3025 437 3111 cooperiatur.

340 3131 373 3214 6)
394 3129 589 3198 hinteamina
610 3149 697 3196 sacra
719 3130 783 3196 sint
805 3131 909 3197 omnia
936 3150 972 3196 er
997 3131 1060 3197 lino
1083 3132 1233 3197 coniecta.
1278 3131 1368 3197 Noua
1390 3133 1480 3198 bom·

184 3251 203 3283 ⁴
222 3235 347 3322 ‘byciae
368 3253 560 3318 comparare,
585 3235 663 3300 dono
686 3235 792 3301 oblata
814 3235 969 3318 accipere,
997 3235 1229 3302 etbenedicere
1252 3234 1340 3300 Olero
1362 3237 1481 3302 Nostro

236 3339 359 3406 omnino
388 3338 612 3404 interdicimus.
656 3339 763 3420 Albas,
786 3340 930 3418 amictus,
953 3357 1080 3423 mappas
1096 3343 1129 3406 et
1150 3340 1382 3423 superpellicea,
1399 3361 1480 3425 quae

236 3441 327 3508 modo
348 3462 403 3527 per
425 3443 569 3510 ecclesias
591 3445 790 3510 inueniuntur
811 3445 1012 3529 bombycina,
1047 3445 1143 3510 donec
1174 3463 1234 3510 usu
1268 3445 1479 3523 conterantur,

236 3547 448 3614 tolerabimus.

479 3701 648 3770 Decretum
670 3704 741 3770 III.
786 3703 837 3770 De
858 3704 1081 3772 Matrimoetis
1103 3706 1232 3772 Mirtis.
1329 3690 1332 3693 ’

344 3825 375 3909 1)
397 3825 542 3892 Rectores
564 3827 788 3892 Perochiarum
811 3827 979 3913 catholicos
1001 3829 1234 3894 matrimonium
1258 3847 1329 3896 cum
1351 3828 1481 3894 acatho-

236 3929 305 3996 licis
328 3929 509 3996 contrahere
531 3932 689 4016 cupientes
711 3932 919 4016 pastoralibus
940 3917 1067 4001 monitis
1090 3935 1122 4000 et
1144 3921 1338 4001 suasionibus
1361 3933 1399 3998 ab
1421 3933 1481 3998 hu-

236 4031 372 4118 jusmodi
393 4033 547 4116 proposito
570 4037 708 4102 avertere
731 4037 888 4121 satagant.

343 4136 376 4222 2)
399 4134 433 4202 Si
454 4155 526 4220 pars
549 4139 701 4205 catholica
723 4158 758 4205 co
778 4139 890 4206 adduci
912 4159 972 4205 non
988 4141 1112 4224 poterit,
1132 4142 1172 4206 ut
1192 4133 1480 4208 matrimoniorum

237 4241 327 4326 parte
349 4240 523 4306 acatholica
544 4242 678 4311 ineundo
699 4243 873 4324 renuntiet,
904 4243 969 4328 ipse
991 4245 1092 4310 rector
1112 4244 1272 4328 paroeciae
1294 4263 1361 4308 rem
1381 4244 1481 4310 Nobis
1551 4320 1552 4331 ἵ

238 4344 271 4410 in
282 4343 406 4430 scriptis
417 4345 542 4426 referat,
564 4347 601 4410 ut
614 4345 885 4430 dispensationem,
906 4347 933 4412 si
945 4347 1005 4414 erit
1017 4348 1113 4428 locus,
1137 4341 1302 4414 concedere
1317 4347 1479 4430 possimus.

343 4449 455 4516 Omnia
495 4451 527 4516 et
576 4450 700 4536 singula
736 4451 869 4516 Decreta
911 4451 1090 4534 supradicta
1130 4451 1170 4516 ab
1208 4445 1350 4520 uriiverso
1391 4449 1481 4516 Clero

239 4553 400 4640 utriusque
422 4553 557 4620 Nostrae
579 4555 824 4624 Archidioecesis
846 4557 995 4638 tanquam
1015 4544 1105 4642 'leges
1140 4555 1337 4620 dioecesanas
1365 4574 1385 4620 a
1407 4555 1481 4620 dato
1551 4584 1552 4591 ,

240 4659 497 4749 promulgationis
530 4659 694 4726 eorundem
729 4658 883 4726 observari
917 4659 1057 4736 volumus
1092 4662 1123 4726 et
1158 4659 1359 4740 mandamus,
1381 4679 1482 4726 reser-
