3192 5008
186 314 252 378 314
294 331 455 399 Blttsscld,
472 334 555 386 tntu.
574 333 710 386 deutseber
727 331 849 386 Bisthote
867 332 914 386 sut
928 333 970 384 oie
990 331 1021 383 17
1039 329 1138 393 fragon
1156 328 1205 380 der
1221 330 1314 390 congr.
1333 325 1429 379 conrii.

186 509 221 572 2.
272 503 437 586 Bosporion
459 504 500 570 G.
527 504 662 570 Autouii
687 503 843 586 Epucopi
872 500 1195 583 Herbipoteaeie
1223 499 1254 564 ei.
1283 502 1317 563 2.
1346 496 1426 563 Jau.

266 591 356 656 1868
377 592 455 657 data
476 592 520 657 ad
541 593 744 672 Quaestioues
765 613 788 656 a
807 589 841 657 8.
863 589 943 656 Sede
965 587 1138 672 epompio
1153 585 1346 669 propositas.

289 695 437 776 eraeatio
459 695 490 765 I.
534 695 570 758 ln
593 694 651 759 hac
672 693 814 760 Dioecesi
835 693 957 759 nonnisi
980 689 1126 758 catholici
1140 691 1290 772 tanquam
1312 685 1429 770 patrini

188 780 407 860 admittuntur,
432 779 588 846 interdum
609 783 716 846 tamen
737 781 791 860 tit,
814 783 851 844 ut
871 781 994 864 praeter
1015 778 1071 843 hos
1093 777 1243 841 assistant
1264 773 1359 839 etiam
1380 772 1429 836 ta·

186 867 293 932 miliae
316 868 349 932 et
369 865 493 932 honoris
515 885 609 932 causa
630 869 780 950 tanquam
802 865 1024 950 quasi-patrini
1051 863 1201 929 haeretici
1223 858 1429 944 (schismatici

187 953 221 1018 in
253 953 313 1020 hac
344 953 449 1019 Dioec.
485 971 545 1017 non
579 955 674 1036 sunt).
718 953 762 1017 Hi
783 956 889 1018 autem
911 971 970 1017 non
998 950 1231 1016 considerantur
1252 949 1288 1012 ut
1310 945 1427 1029 patrini

186 1041 260 1121 veri,
284 1037 338 1104 sed
360 1039 549 1104 solummodo
572 1043 608 1103 ut
631 1039 746 1123 patrini
768 1039 818 1105 rel
839 1041 936 1104 testes
956 1037 1123 1103 honorarii.

291 1127 438 1210 Quaeetio
459 1125 512 1192 11.
555 1126 664 1207 Quoad
696 1126 754 1192 hoc
786 1127 846 1192 hac
879 1126 912 1190 in
942 1124 1047 1190 Dioec.
1070 1122 1238 1188 dittieultaa
1269 1120 1428 1203 hucusque

186 1232 247 1278 non
269 1211 394 1291 existit,
422 1212 574 1295 siquidem
605 1213 785 1278 testimonia
814 1212 1003 1297 parochialia
1027 1211 1061 1276 in
1083 1210 1141 1275 hoc
1162 1208 1287 1294 negotio
1308 1224 1428 1288 semper

187 1300 410 1383 expetuuntur,
445 1303 477 1366 ct
511 1300 539 1366 si
572 1299 701 1366 dubium
722 1301 897 1380 remaneat,
924 1299 1138 1382 juramentum
1160 1295 1199 1362 de
1221 1296 1308 1364 statu
1329 1293 1427 1358 libero

187 1385 439 1452 contrahentibus
460 1385 637 1468 imponitur.

291 1473 438 1555 Quaestio
453 1470 525 1540 III.
555 1473 754 1539 Matrimonia
764 1473 870 1539 civilia
879 1473 912 1538 in
926 1471 986 1538 hac
1000 1470 1105 1536 Dioec.
1123 1468 1258 1534 nondum
1274 1467 1426 1547 enatum

188 1559 344 1635 attamen,
367 1577 438 1624 cnm
459 1559 549 1624 valde
571 1559 743 1626 timendum
766 1560 825 1638 sit,
848 1579 886 1624 ne
909 1557 1085 1624 molitiones
1107 1556 1200 1638 hujus
1222 1553 1369 1636 temporis
1391 1573 1427 1618 co

186 1645 360 1724 intendant,
375 1647 412 1710 ut
426 1645 658 1712 matrimonium
673 1646 763 1712 ciuile
777 1647 873 1712 etiam
892 1644 975 1730 apud
994 1663 1049 1710 nos
1068 1643 1138 1727 lege
1158 1641 1243 1708 civili
1258 1641 1426 1719 sauciatur,

187 1731 275 1798 aliud
296 1731 462 1798 rimedium
488 1732 596 1798 adesse
618 1751 679 1798 non
701 1733 837 1811 videtur,
869 1751 964 1815 quam
985 1730 1149 1814 pastoralis
1170 1727 1349 1812 vigilantia,
1378 1727 1427 1792 in-

188 1818 319 1884 structio
353 1820 387 1884 et
418 1818 602 1898 admonitio,
626 1818 789 1904 denegatio
818 1820 1095 1896 sacramentorum,
1129 1813 1438 1881 eratissimos

192 1904 344 1982 rideatur,
366 1905 461 1970 etiam
484 1906 684 1971 comminatio
705 1907 738 1972 et
759 1905 890 1974 inflictio
911 1923 1121 1972 censurarum.
1187 1967 1190 1970 .

294 1991 441 2074 Quaestio
462 1990 524 2057 11⁷.
569 1992 606 2058 In
638 1992 697 2058 hac
729 1993 825 2058 etiam
848 1991 955 2058 Dioec.
977 1991 1010 2055 in
1043 2007 1105 2074 qua
1137 1988 1279 2056 haereses
1304 1988 1429 2070 impune

190 2078 382 2162 grassantur,
402 2077 500 2142 mixta
520 2079 671 2144 connubia
693 2098 729 2144 ex
743 2077 796 2146 SS.
812 2078 975 2144 Pontificio
997 2075 1224 2160 dispensatione
1241 2075 1430 2160 permittun-

190 2165 253 2242 tur,
275 2163 453 2248 praemissia
474 2166 580 2231 tamen
602 2166 783 2232 necessariis
805 2165 1045 2250 opportunisque
1062 2161 1256 2228 cautionibus
1271 2181 1290 2226 a
1304 2160 1334 2227 S.
1350 2158 1429 2225 Sede

189 2249 394 2334 praescriptis.
424 2249 573 2316 Parachis
588 2271 707 2338 quoque
728 2252 904 2335 injunctum
926 2253 984 2330 est,
1006 2252 1043 2315 ut
1064 2251 1186 2333 partem
1207 2247 1391 2314 catholicam
1410 2265 1430 2310 a

190 2333 397 2404 contrahendo
419 2335 596 2422 hujusmodi
623 2337 819 2405 matrimonio
844 2357 899 2424 pro
929 2337 1047 2404 viribus
1069 2335 1281 2402 dehortentur.
1325 2331 1359 2400 Si
1379 2333 1431 2397 ta·

189 2442 261 2488 men
293 2442 402 2510 graves
441 2423 514 2490 illae
548 2425 651 2491 adsint
684 2426 835 2504 rationes,
858 2443 936 2508 quas
958 2423 990 2490 S.
1012 2421 1107 2490 Sedes
1129 2422 1170 2487 ad
1191 2419 1430 2506 dispensandum

190 2528 281 2593 super
302 2509 417 2575 mixtae
439 2509 597 2595 religionis
620 2509 840 2596 impedimento
862 2511 1003 2595 requirit,
1027 2503 1108 2594 apird
1123 2528 1178 2574 nos
1192 2527 1321 2592 sponsus
1342 2508 1429 2572 uter-

190 2615 248 2680 que
271 2597 335 2674 rel,
358 2597 386 2661 si
406 2596 504 2662 alitor
522 2597 589 2664 fieri
612 2599 812 2682 nowpotest,
842 2599 954 2663 saltem
976 2615 1048 2680 pars
1071 2593 1225 2662 catholica
1250 2613 1345 2660 mann
1368 2592 1429 2658 sti-

190 2681 299 2766 pulata
318 2682 487 2766 juramenti
509 2685 577 2750 loco
599 2685 638 2749 ad
661 2685 864 2768 protocollum
886 2685 1068 2768 promittere
1090 2681 1198 2761 debet,
1228 2681 1261 2745 id
1287 2681 1429 2746 sanetum

191 2768 250 2832 sibi
272 2769 336 2834 fore
359 2769 552 2849 servandum,
575 2773 611 2835 ut
633 2771 733 2854 proles
754 2771 915 2854 utriusque
938 2789 1026 2835 sexus
1040 2770 1074 2834 in
1088 2766 1246 2854 religionis
1263 2765 1430 2832 sanctitate

191 2853 363 2920 catholicae
386 2855 543 2922 educetur.
589 2855 665 2922 Cum
690 2859 794 2922 autem
816 2857 886 2942 lege
909 2856 993 2922 civili
1015 2855 1232 2940 permittatur,
1260 2855 1297 2918 ut
1321 2853 1431 2936 hujus·

190 2940 274 3006 modi
298 2943 473 3008 contractus
501 2948 630 3026 utroque
653 2944 784 3028 conjuge
809 2943 1019 3008 consentiente
1047 2943 1160 3007 iterum
1183 2939 1376 3006 rescindatur
1399 2939 1431 3004 et

190 3027 384 3107 immutetur,
404 3047 494 3094 casus
515 3029 637 3113 quidem
660 3030 694 3094 in
715 3030 774 3095 hac
796 3029 913 3109 Dioca,
935 3031 971 3094 ut
994 3029 1027 3093 id
1045 3029 1144 3107 tieret,
1166 3027 1230 3093 huc
1244 3045 1341 3110 usque
1363 3027 1431 3090 erat

190 3114 378 3194 rarissimus,
400 3115 427 3180 si
443 3117 547 3181 tanuen
571 3135 660 3184 casus
683 3116 734 3182 hic
748 3116 946 3182 mutuamus
961 3117 1112 3193 occurrat,
1135 3113 1232 3193 ahud,
1254 3112 1335 3197 quod
1356 3111 1431 3177 huic

189 3201 274 3266 malo
306 3203 477 3284 opponatur
509 3203 678 3268 remedium
712 3202 897 3281 horridae,
931 3221 1024 3285 quam
1045 3203 1083 3267 ut
1104 3202 1144 3266 ab
1167 3201 1224 3280 iis,
1245 3199 1357 3283 quibus
1378 3197 1427 3262 in-

189 3288 334 3371 junctum
357 3289 413 3367 est,
438 3289 591 3371 pastorale
614 3290 792 3354 exerceatur
813 3289 960 3356 officinm.

293 3375 442 3457 Quaestio
467 3375 501 3441 V.
545 3375 649 3440 Media
680 3376 847 3459 praecipua
880 3375 972 3440 erunt
1004 3374 1144 3440 stadium
1174 3373 1205 3439 S.
1230 3371 1431 3456 Theologiao,

190 3460 343 3542 imprimis
376 3461 472 3526 etiarn
500 3460 531 3528 8.
555 3461 732 3544 scripturae
765 3460 877 3528 6188.
908 3461 1038 3528 Petrum
1072 3479 1108 3526 ao
1142 3460 1238 3525 etiem
1270 3460 1429 3524 oratorum

49 3547 53 3554 '
190 3547 404 3630 probatorum,
438 3547 583 3613 exercitia
617 3548 807 3631 spiritualia,
841 3549 945 3632 qualia
974 3548 1047 3612 sunt
1068 3546 1221 3629 imprimis
1244 3542 1276 3610 8.
1300 3543 1429 3630 Ignatii,

190 3632 353 3702 meditatio
384 3635 415 3700 et
433 3633 526 3700 lectio
555 3635 725 3719 spiritualis
747 3634 943 3717 quotidiana,
973 3635 1038 3700 vita
1061 3635 1092 3698 et
1114 3633 1198 3698 aelus
1220 3630 1427 3696 sacerdotalis.

295 3721 442 3804 Quaestio
471 3719 526 3786 VI.
571 3721 796 3786 Universitates
823 3721 904 3804 apud
932 3739 987 3786 nos
1017 3721 1056 3786 ab
1078 3717 1163 3786 omni
1183 3718 1300 3784 influxa
1322 3716 1429 3782 Eccle-

191 3805 255 3870 siae
277 3825 331 3890 pro
354 3806 453 3873 dolor!
476 3805 514 3872 de
536 3805 618 3872 facto
634 3810 793 3890 exemptae
815 3809 899 3885 sunt,
922 3808 1049 3907 excepta
1070 3805 1222 3872 facultate
1243 3803 1428 3888 theologica,

192 3891 282 3974 cujus
313 3893 497 3976 professores
528 3913 588 3959 non
622 3894 737 3978 absque
774 3913 923 3960 consensu
953 3893 1097 3977 Episcopi
1129 3891 1337 3956 nominantur.
1392 3889 1429 3952 In

190 3977 304 4044 scholis
338 3979 544 4046 humanitatis
578 3981 610 4045 et
647 3981 820 4064 generatim
853 3979 964 4046 mediis
986 3977 1025 4046 ad
1047 3977 1231 4044 tradendam
1257 3975 1430 4042 doctrinam

191 4063 393 4130 christianam
415 4068 565 4150 tanquam
588 4067 732 4151 magistri
762 4087 781 4132 a
806 4066 905 4151 Regio
935 4066 1091 4132 Gubernio
1120 4063 1293 4130 sacerdotes
1322 4063 1345 4128 ii
1375 4080 1429 4126 no-

191 4151 366 4232 minantur,
399 4171 474 4236 quos
506 4152 648 4237 proponit
669 4153 847 4236 Episcopus.
891 4153 929 4220 In
961 4152 1073 4218 scholis
1106 4149 1344 4218 elementaribus
1366 4147 1430 4213 sire

190 4238 388 4322 popularibus
410 4239 480 4324 lege
501 4239 598 4306 etiam
620 4239 704 4304 civili
725 4239 851 4322 parochi
872 4240 945 4306 sunt
974 4238 1117 4326 magistri
1144 4237 1303 4322 religionis
1329 4237 1360 4301 et
1382 4235 1430 4299 in·

190 4325 343 4408 spectares
366 4325 433 4390 nati
455 4325 552 4390 totius
573 4323 704 4406 scholae,
728 4325 941 4391 instructionis
961 4326 1017 4391 sed
1039 4326 1071 4390 et
1092 4323 1301 4400 educationis;
1328 4321 1430 4388 immi·

191 4412 266 4476 nent
288 4412 393 4476 tamen
415 4411 505 4476 modo
527 4411 559 4476 in
581 4412 714 4477 Bavaria
745 4413 846 4494 quoad
867 4412 948 4478 hanc
970 4411 1093 4477 scholae
1116 4409 1337 4495 inspectionem
1358 4427 1430 4492 gru-

190 4497 276 4562 viora
298 4517 368 4562 eum
391 4495 546 4563 Gubernio
568 4499 748 4576 certamina,
771 4517 849 4582 quae
865 4499 959 4575 Deus,
982 4499 1019 4562 ut
1041 4513 1199 4581 speramus
1222 4498 1254 4561 et
1275 4511 1429 4580 rogamus,

191 4583 358 4648 aderitum
379 4584 498 4648 felicem
520 4583 860 4668 perduceredignetn1·.
890 4583 949 4648 His
965 4584 1070 4670 itaque
1085 4581 1262 4668 praemissis
1274 4580 1430 4667 Episcopis

192 4687 226 4734 eo
242 4668 403 4734 nitendum
416 4687 481 4734 esse
497 4669 629 4750 videtur,
647 4671 684 4735 ut
700 4669 804 4734 clerici
815 4671 847 4734 in
864 4671 1039 4735 seminariis
1059 4669 1098 4735 ad
1117 4669 1257 4736 obeunda
1275 4665 1431 4752 praedicte
