3166 5014
209 281 274 352 Μ
386 301 497 372 Simor,
516 305 561 358 hie
580 305 744 370 1333311333
762 307 809 360 des
828 307 1091 372 arnnenvernmens
1110 309 1136 362 tn
1153 307 1263 372 1133333.

210 783 588 886 11131333311333
609 785 684 868 des
702 785 1158 888 Klrchenvermbgens
1177 789 1225 870 13
1248 789 1442 890 bugam,

210 943 260 1006 cio
281 942 447 1008 Sobreiben
467 944 522 1010 des
543 943 673 1012 Primus
693 948 761 1013 mod
781 937 1071 1029 Fibreterebiscdofe
1084 947 1248 1014 Johuaaes
1261 947 1366 1015 Simor
1383 968 1443 1012 333
1563 915 1564 972 ³

210 1045 303 1112 Grae
324 1069 393 1114 eom
414 1053 468 1114 16.
491 1049 661 1116 November
682 1055 769 1118 1869
790 1072 834 1117 aa
854 1051 915 1116 dos
939 1051 1187 1134 erebiscbbfliohe
1209 1051 1442 1120 emeat-Go-

432 1154 574 1236 11113133·
581 1154 724 1223 11333131
743 1177 786 1221 33
806 1155 965 1240 Freaburp
984 1158 1030 1222 im
1050 1155 1220 1240 Bres’spou.

311 1311 348 1375 In
369 1310 497 1396 Uagam
518 1310 587 1377 sind
609 1311 642 1377 in
663 1313 770 1398 Bezug
791 1313 848 1378 aus
866 1311 916 1378 die
931 1312 1131 1399 Vernaltung
1153 1313 1206 1378 des
1220 1311 1442 1398 Kirohenguts,

208 1413 262 1480 des
284 1415 455 1482 Pfuinden·
476 1415 540 1482 und
562 1414 901 1504 Stiftnngsvennbgens
923 1417 973 1484 die
995 1417 1253 1502 Bestimmungen
1275 1418 1328 1483 des
1350 1436 1442 1481 cano-

209 1519 334 1584 nischen
355 1519 470 1586 Rechts
492 1522 703 1607 massgshend.
748 1521 805 1590 hls
833 1522 931 1608 Regel
964 1523 1032 1607 galt
1064 1522 1127 1588 und
1155 1523 1217 1608 gilt
1246 1522 1301 1588 133
1331 1519 1443 1586 (133313.

208 1624 262 1690 133
294 1623 367 1690 1311.
403 1622 589 1708 Stephanus,
622 1627 724 1692 ersten
756 1627 877 1712 Kbnigs
909 1646 968 1693 von
1000 1627 1145 1712 Ungarn,
1168 1627 1290 1692 Deerat.
1321 1626 1388 1690 Lib.
1412 1628 1441 1690 2.

209 1729 283 1812 Cap.
305 1729 335 1795 2.
361 1728 422 1794 »Ut
444 1729 587 1815 Episcopi
609 1731 744 1797 habeant
765 1732 970 1816 potestatem,
1003 1750 1053 1797 333
1076 1731 1309 1798 Ecclesiasticus
1340 1729 1443 1814 provi-

208 1833 290 1913 dere,
323 1852 440 1919 regere,
475 1837 508 1900 31
539 1835 720 1921 gubernare,
755 1837 848 1921 atque
880 1837 1049 1922 disponere,
1083 1835 1250 1902 secundum
1284 1833 1443 1900 Canobum

206 1937 457 2006 authoritatem«

309 2041 367 2109 Die
390 2041 610 2130 Staatsgewalt
632 2044 688 2111 hat
720 2044 786 2111 sich
818 2045 866 2110 his
896 2044 993 2110 dahin
1024 2044 1058 2110 in
1090 2045 1190 2119 dieser
1211 2043 1358 2109 Hinsicht
1390 2041 1442 2107 ein

207 2147 500 2230 Dispositionsreoht
522 2148 609 2214 nicht
640 2151 826 2234 angemasst.
871 2148 942 2214 Ihre
975 2149 1097 2215 Erlasse
1130 2149 1278 2215 betreffen
1311 2147 1442 2213 33333131

206 2271 264 2316 333
286 2251 335 2317 113
357 2252 522 2337 Wahrung
552 2253 605 2318 des
619 2253 909 2320 ·Aufsichtsrechtes
941 2253 1004 2318 und
1038 2253 1125 2319 nicht
1159 2254 1208 2318 die
1241 2253 1442 2336 Vernaltung
1563 2241 1564 2280 *

206 2356 311 2422 selbst.
343 2355 516 2422 Gesetzhoh
527 2357 676 2423 besteheu
688 2358 831 2424 11331133
845 2358 895 2423 113
910 2357 1159 2424 3331313133133
1170 2357 1439 2441 Bestimmungen:

310 2463 338 2526 1.
383 2459 494 2527 Gesetz
517 2461 558 2526 74
582 2481 636 2527 333
659 2461 728 2528 dem
751 2463 847 2528 Jahre
872 2463 963 2529 1715.

311 2565 578 2646 ›Seminariorum
602 2567 804 2633 Convictunm
819 2569 851 2633 et
867 2567 1072 2652 collegiorum
1088 2585 1142 2651 pro
1157 2566 1327 2633 Juventute
1343 2564 1440 2630 eccle-

205 2670 330 2736 siastiea
353 2671 408 2735 331
429 2671 569 2749 seculari,
591 2690 645 2755 per
667 2691 872 2756 quoscunque,
895 2672 958 2738 3133
981 2671 1081 2750 13133,
1104 2670 1169 2736 3133
1192 2671 1277 2735 entra
1298 2670 1440 2754 Regnum
1562 2671 1563 2698 1

204 2774 413 2852 1331313333,
437 2774 509 2838 dum
533 2775 564 2840 et
586 2775 707 2859 quando
729 2795 852 2842 neeesse
869 2775 1033 2854 videbitur,
1056 2775 1290 2859 inspectionem,
1319 2775 1438 2854 etcum

205 2878 359 2944 exactione
396 2879 563 2944 Rationum
597 2880 703 2946 313333
740 2881 917 2947 1331311331
952 2879 1108 2948 satisfiat?
1152 2878 1439 2963 hivestigationem,

205 2982 760 3068 83333113ςί3Μ313313331113311,
784 3005 836 3070 pro
860 2985 1027 3069 apostolico
1060 3003 1196 3062 munere,
1230 2983 1262 3048 et
1295 3000 1438 3065 suprema

205 3087 393 3153 authoritate
416 3089 658 3154 3333333313
823 3087 825 3093 ’

307 3193 335 3256 2.
380 3191 631 3258 (13331323333
655 3193 724 3258 dem
746 3193 843 3259 Jahre
869 3193 1023 3276 17901913

310 3297 477 3380 >Majestas
510 3296 734 3377 Sacratissimi,
769 3299 801 3362 et
833 3295 1000 3380 Supremus
1033 3293 1239 3360 Ecclesiamm
1272 3293 1437 3371 Patronus,

204 3399 357 3468 Ecclesiae
378 3401 438 3467 Dei
459 3402 491 3466 in
513 3401 576 3466 suis
594 3401 717 3485 juribus
739 3391 931 3468 conservabit
953 3401 985 3467 et
1005 3399 1200 3466 fundationes
1229 3399 1436 3482 cujuscunque

204 3505 334 3572 nominis
356 3506 395 3572 31
418 3509 554 3572 mentem
575 3489 789 3573 Fundatorum
811 3505 1021 3572 administrari
1042 3504 1165 3571 faciet«

310 3611 339 3676 3.
385 3611 413 3694 1.
440 3613 489 3678 10.
513 3612 566 3677 133
588 3610 732 3678 Gesetnes
755 3613 796 3676 26
820 3631 875 3678 aus
898 3611 1074 3677 demselben
1094 3601 1207 3688 Jahre:
1314 3601 1316 3606 ’

309 3715 534 3782 »Fundationes
557 3715 812 3801 Evangelioorum
834 3734 888 3799 pro
911 3715 1048 3781 ecclesiis
1077 3732 1241 3796 corumque
1275 3709 1435 3788 ministris,

204 3821 315 3890 scholis
337 3821 414 3887 item
436 3821 643 3905 cujuscunque
675 3821 823 3900 nominis,
856 3818 1054 3897 nosocomiis,
1088 3815 1371 3901 orphanotrophiis,
1404 3815 1437 3879 et

203 3927 433 4012 quibuscunque
455 3924 649 4010 pauperibus,
683 3925 732 3991 331
761 3923 918 4009 juventuti
950 3923 1159 4007 augustanae,
1193 3922 1225 3987 31
1257 3919 1436 3986 Helveticae
1559 3913 1560 3937 ¹

203 4031 399 4099 confessionis
421 4030 616 4110 constitutae,
640 4029 694 4094 331
717 4029 749 4094 13
771 4030 927 4114 postemm
949 4026 1194 4106 constituendae,
1227 4026 1319 4110 prout
1341 4024 1435 4090 etiam
1558 4083 1559 4092 ,

203 4132 421 4221 Eleemosynae
443 4135 481 4200 ab
505 4133 615 4200 iisdem
638 4134 724 4198 nulla
745 4133 864 4198 ratione
897 4133 1090 4211 adimantur,
1124 4149 1218 4196 3333
1240 4129 1382 4196 manibus
1404 4129 1436 4193 ct

203 4240 470 4309 administratione
493 4257 597 4304 eorum
620 4238 683 4304 3113
705 4239 865 4322 praetextu
888 4238 1069 4324 3313133133.
1114 4235 1251 4302 Directio
1278 4235 1435 4319 praeterea

203 4343 554 4420 harumtnndationum
576 4342 615 4407 iis
637 4341 675 4408 de
699 4341 834 4425 ipsorum
856 4341 974 4422 medio,
997 4340 1107 4425 quihus
1140 4340 1177 4405 de
1210 4340 1295 4405 recto
1331 4336 1435 4404 ordine
1557 4337 1558 4344 ’

206 4448 362 4535 compet‘t,
385 4449 470 4515 salua
492 4449 524 4514 et
545 4446 669 4513 illibata
688 4446 941 4545 3313333133-
965 4443 1250 4528 Superinspeotioue
1270 4441 1378 4528 Regia,
1399 4442 1435 4505 31

204 4551 263 4620 hae
285 4553 480 4620 fundationes
503 4551 542 4618 31
563 4551 699 4618 mentem
727 4549 925 4615 fundatorum
952 4549 1205 4616 administrentur
1239 4568 1274 4616 33
1308 4547 1432 4632 dispen-

203 4659 319 4741 sentur,
342 4658 381 4726 ad
403 4657 525 4726 easdem
547 4675 665 4744 quoque
689 4655 842 4724 extensa«
