3192 5008
287 301 384 356 Relatio
404 301 681 366 caesareanorum
701 304 865 368 quaestiones
884 315 899 354 e
918 315 939 354 s.
959 302 1050 367 congr.
1071 301 1148 354 cene.
1167 313 1271 366 propes.
1339 281 1406 347 '303

165 474 246 559 quod
268 473 375 557 quovis
398 491 476 538 anne
498 492 572 556 prae
595 472 705 538 ceteris
728 473 875 542 studiosis
906 471 944 538 oh
975 471 1090 556 scripta
1120 471 1255 555 praemio
1284 471 1406 556 publico

165 577 274 642 ornata
288 576 424 659 palmam
439 576 548 642 ferant.
579 575 702 656 Quanta
716 577 851 642 maxima
867 576 971 641 autem
988 575 1129 649 cautione
1145 575 1344 660 advigilatur,
1368 597 1406 642 ne

165 681 304 765 theologi
326 681 551 764 philosophicas
585 679 712 746 visitent
745 681 983 764 praelectiones,
1017 699 1096 764 quae
1119 699 1137 746 a
1159 699 1234 746 sana
1268 681 1408 746 doctrina

155 785 311 858 „seducere
334 784 461 868 possint.
508 782 672 848 Caeterum
695 784 734 848 ad
758 783 841 848 Cleri
870 784 1100 850 institutionem
1122 785 1223 869 magis
1246 787 1407 872 magisque

166 889 330 956 fovendam
352 888 429 954 haec
450 888 648 972 potissimum
670 888 839 954 conducere
859 889 936 954 mihi
959 888 1120 960 videntur:

197 996 229 1078 1)
252 993 394 1078 Episcopi
417 983 859 1075 0010111111001101110001000,
882 994 972 1062 utin
995 994 1175 1061 clericorum
1200 993 1304 1062 ordine
1327 1013 1409 1061 senr-

253 1116 306 1180 per
328 1097 520 1181 reperiantur
542 1097 601 1162 viri
620 1097 767 1180 juniores,
790 1097 844 1180 qui
866 1095 977 1163 studiis
1001 1097 1161 1174 altioribus
1187 1097 1284 1166 talem
1305 1097 1409 1164 erudi-

254 1202 347 1268 tionis
368 1203 487 1286 copiam
512 1201 683 1284 acquirant,
706 1201 743 1266 ut
764 1200 957 1266 examinibus
979 1201 1111 1284 publicis
1126 1203 1167 1268 ad
1186 1221 1299 1268 munus
1321 1223 1410 1288 prae·

254 1309 411 1391 ceptorum
433 1307 481 1372 vel
501 1307 707 1389 professorum
730 1307 905 1372 obeundum
927 1307 1030 1373 idonei
1052 1307 1084 1372 et
1107 1307 1192 1392 digni
1219 1309 1410 1393 comprobari

134 1451 137 1456 ·
253 1413 386 1491 valeant,
410 1411 521 1495 quique
545 1411 622 1476 alios
646 1411 726 1476 viros
749 1411 844 1475 laicos
866 1410 966 1478 literis
990 1411 1222 1477 humanioribus
1243 1413 1408 1480 severiori-

253 1519 382 1600 busque,
405 1516 431 1580 si
454 1534 514 1580 non
538 1517 728 1598 exsuperent,
753 1517 923 1610 exaequent
938 1515 1059 1580 saltem.
1106 1517 1204 1582 Prout
1218 1536 1267 1584 res
1283 1517 1316 1585 iu
1332 1517 1409 1582 Ger·

252 1621 356 1688 mania
379 1640 411 1685 se
433 1619 563 1697 habent,
584 1618 698 1688 Clarae
720 1625 838 1686 tontum
860 1620 958 1698 colet,
980 1627 1133 1701 quantam
1147 1621 1264 1702 pollet:
1294 1619 1408 1686 idcireo

253 1746 314 1792 11011
335 1725 368 1790 in
390 1725 579 1790 dioecesanis
595 1725 701 1814 solqm
724 1724 914 1802 seminantis,
946 1723 999 1788 sed
1022 1725 1116 1792 ctiam
1139 1725 1171 1790 in
1188 1725 1258 1790 aliis
1279 1745 1410 1810 gymne-

254 1832 307 1896 siis
329 1830 460 1914 publicis
483 1830 519 1894 ut
542 1830 646 1896 clerici
668 1829 798 1894 scientia
815 1831 846 1893 00
862 1828 999 1908 moribus
1017 1829 1238 1912 praecellentes
1261 1829 1410 1913 tanquam

253 1937 438 2019 professores
472 1933 685 2012 assumantur,
726 1933 908 2016 praeprimis
942 1933 989 1998 000
1023 1933 1275 2000 adlaborandum.
1331 1932 1411 2000 Mihi

254 2040 378 2126 quidem
402 2039 539 2125 apprime
561 2040 617 2104 est·
632 2039 734 2116 cordi,
761 2039 798 2103 ut
821 2037 860 2102 ad
883 2037 1012 2103 docendi
1032 2038 1139 2104 munia
1162 2037 1411 2106 011001111οε0111-

256 2145 338 2212 ciens
362 2163 481 2228 semper
502 2144 681 2210 idoneorum
704 2143 885 2209 elericorum
909 2143 1009 2208 0110000
1030 2159 1185 2208 numerus.

198 2249 232 2337 2)
254 2251 356 2328 Fines,
380 2250 419 2315 ad
441 2268 517 2332 quos
539 2248 648 2330 quavis
677 2248 710 2312 in
741 2249 837 2312 classe
867 2247 956 2330 pueri
978 2247 1011 2311 00
1029 2246 1158 2330 juvenes
1180 2245 1281 2329 quoad
1303 2245 1411 2312 litera-

255 2374 326 2419 rum
349 2353 511 2420 scientiam
535 2353 598 2417 sint
621 2352 804 2431 adducendi,
820 2352 911 2432 certo
933 2349 1023 2418 modo
1038 2349 1235 2430 definiantur,
1258 2369 1334 2416 nere
1349 2350 1412 2416 ullo

256 2459 289 2523 in
311 2457 401 2523 modo
423 2457 607 2523 relaxentur.

200 2565 232 2648 3)
254 2564 321 2628 Neo
336 2561 438 2628 11111100
450 2562 624 2645 temporum
640 2560 751 2644 spatia,
775 2561 887 2644 quibus
903 2560 1026 2645 singula
1045 2557 1218 2625 studiorum
1233 2559 1335 2624 stadia
1350 2559 1413 2625 sint

256 2666 470 2752 percurrenda,
493 2666 570 2732 licet
586 2665 794 2750 singularium
822 2665 919 2730 animi
946 2665 1133 2737 facultatum
1149 2679 1247 2748 aequa
1260 2664 1413 2730 habeatur

258 2772 348 2850 ratio,
366 2771 510 2836 accurate
523 2770 825 2849 circumscribantur,
842 2771 879 2836 ut
890 2770 1019 2854 juvenes
1035 2769 1181 2834 distincte
1196 2768 1412 2853 gradatimque

258 2877 342 2942 omni
363 2876 471 2942 nocivo
493 2875 575 2940 saltu
598 2875 745 2956 devitato,
768 2877 801 2941 in
816 2875 1018 2943 ,addiscendis
1040 2874 1140 2940 literis
1163 2875 1339 2942 ascendant.

199 2982 233 3066 4)
259 2982 328 3046 Non
353 2983 400 3046 est
422 2980 596 3058 ferendum,
617 2981 662 3058 ut,
686 2979 718 3043 id
742 2980 822 3064 quod
845 2981 950 3047 nestra
973 2981 1076 3046 aetate
1094 2996 1311 3064 saepenumero
1333 2979 1413 3044 acci·

258 3085 322 3163 dit,
356 3085 529 3150 clericalem
563 3085 681 3149 statum
711 3084 906 3168 adspirantes
927 3082 1139 3168 philosophiae
1162 3083 1299 3149 studium
1321 3083 1414 3148 nimis

258 3189 464 3273 posthabeant
492 3190 523 3254 et
550 3189 614 3262 fere
643 3188 767 3272 penitus
794 3189 965 3274 negligant.
1018 3189 1136 3256 Idcirco
1170 3191 1201 3254 et
1227 3208 1280 3271 pro
1314 3187 1413 3271 philo·

258 3294 382 3378 sophico
398 3295 429 3360 et
451 3293 622 3378 theologico
646 3313 747 3373 cursu,
771 3294 902 3380 singulis
925 3293 1108 3378 disciplinis,
1130 3294 1167 3360 de
1190 3279 1412 3383 0010010100-

257 3399 405 3465 lectiones
427 3399 490 3464 sint
513 3398 764 3481 frequentandae,
788 3398 1011 3483 singnificatis,
1037 3400 1155 3464 certum
1178 3399 1301 3480 tempus
1324 3415 1412 3480 prae·¹

258 3505 417 3572 stituatur.
447 3504 497 3568 lta
512 3522 571 3586 ego
584 3501 741 3580 studiosis,
764 3503 818 3586 qui
833 3505 921 3568 extra
942 3503 1118 3570 convictum
1134 3502 1268 3586 Tubing.
1285 3501 1412 3585 degunt

260 3609 438 3676 atmodum
468 3608 500 3672 et
522 3608 645 3689 tempus
668 3607 842 3674 studiorum
864 3607 1063 3691 praescripsi,
1093 3606 1181 3690 eujus
1208 3605 1323 3672 decreti
1345 3623 1413 3672 erre-

260 3714 377 3780 cutioni
399 3711 743 3796 catholico-theologica
765 3712 913 3778 Facultas
935 3711 1090 3796 invigilat.

203 3820 236 3902 5)
259 3819 387 3903 Rigore,
409 3835 468 3901 quo
491 3815 630 3880 examina
653 3834 720 3880 eum
746 3817 928 3900 quotannis,
959 3819 1028 3884 tum
1051 3815 1223 3881 studiorum
1246 3831 1412 3880 011100011-

260 3924 343 4007 pleto
359 3921 533 3988 habeantur
555 3919 686 3987 studiosi
709 3919 746 3984 ad
763 3921 924 3986 strenuum
946 3919 1082 3986 lahorem
1105 3921 1136 3986 et
1158 3918 1344 3986 indefessam
1366 3917 1414 3980 in·

260 4025 413 4090 dustriam
446 4023 638 4090 concitentur
671 4024 704 4090 00
736 4024 977 4107 compellandum
1011 4025 1140 4096 minime
1169 4042 1240 4088 vero
1269 4021 1414 4100 desidiae,

261 4129 417 4196 socordiae
438 4131 470 4196 00
491 4129 622 4194 inertiae
644 4119 854 4213 indulgeatur.

278 4235 424 4318 Quaestio
456 4231 552 4298 VIII.
607 4233 656 4298 Ne
691 4231 863 4298 sacerdotes
897 4230 1002 4296 studia
1032 4230 1168 4314 theolog.
1204 4230 1236 4294 et
1269 4225 1415 4294 0011011100

174 4341 309 4424 impense
339 4338 473 4404 excolere
503 4335 663 4414 desinant,
691 4355 763 4402 mea
785 4335 818 4398 in
840 4334 980 4401 Dioecesi
1002 4337 1092 4422 plura
1114 4335 1187 4400 eunt
1207 4333 1323 4416 optimc
1345 4349 1415 4396 cum

175 4446 286 4514 effectu
307 4443 463 4508 inst'tuta.
508 4441 587 4508 Sunt
609 4459 680 4506 vero
702 4441 796 4506 haec:

206 4553 237 4636 1)
261 4548 389 4614 Floreat
411 4546 626 4624 couterentiae,
650 4564 727 4628 quas
743 4543 850 4610 dieunt
865 4541 1046 4627 pastorales.
1093 4540 1205 4620 Quouis
1227 4540 1261 4607 in
1282 4535 1420 4625 capitulo

260 4653 356 4718 rurali
364 4651 530 4738 quotannis
537 4649 629 4716 binae
638 4648 804 4728 habentur,
818 4649 929 4732 quibus
939 4644 1046 4714 adesse
1057 4643 1199 4716 omnihus
1209 4641 1425 4727 sacerdotibus.
