3160 5010
209 285 274 356 486
342 301 465 376 verlay,
483 306 574 373 Alrten,
592 305 722 358 Schriften
739 307 791 360 und
805 305 939 363 'llbnscbe
956 319 1015 364 zum
1033 311 1151 364 doumen.
1168 309 1263 362 concil.
1282 307 1349 376 (ill.)

209 479 285 538 nibus
308 481 342 540 ad
365 491 431 547 quos
454 479 567 544 pertinet
592 479 729 543 diligenter
750 481 899 550 observari3
923 483 987 537 nibil
1011 483 1080 536 eninr
1104 497 1136 538 ea
1164 485 1332 548 opportunius
1358 486 1453 539 estad

209 568 411 622 contestantium
429 567 574 620 libertatem
592 568 730 632 tuendam,
755 569 788 622 ad
812 581 946 624 sacrorum
964 571 1110 623 Antistitum
1132 570 1191 634 jura
1217 571 1453 636 auctoritatemque

198 654 404 722 ¹vindicandam,
427 657 453 706 et
475 655 507 708 ad
531 654 682 708 calboltcam
707 656 859 720 religionem
883 662 961 723 atque
985 658 1111 710 unitatem
1135 656 1217 720 magis
1236 658 1370 724 magisque
1388 669 1455 712 con-

211 742 374 796 servendum.

316 827 362 890 dul
381 819 468 882 autem
494 829 559 883 baec
574 831 734 894 Apostollcae
752 829 826 882 Sedis
851 831 910 894 lura
937 832 964 882 et
990 829 1076 886 sidcis
1105 832 1147 883 rel
1174 831 1307 896 abnegant
1324 834 1368 886 vet
1385 845 1453 896 parv

207 911 330 980 pendunt,
348 926 398 980 qua
416 915 520 968 demum
538 916 648 979 ratione,
667 929 718 982 quo
737 918 823 970 aniruo
841 929 914 970 suant
933 929 998 980 erga
1016 918 1086 970 illam
1104 919 1278 971 reverentiam
1291 923 1318 970 et
1330 920 1455 972 obedien·

211 1001 274 1054 tiam
302 1001 416 1065 proilterl
443 1003 569 1065 possuntt
614 1003 677 1056 ilinc
703 1004 828 1069 siquidem
855 1004 1019 1068 praeseferre
1053 1003 1207 1056 videbantur
1234 1011 1454 1059 commemoratae

207 1087 388 1142 nonnullorum
406 1086 583 1141 Armeniorum
602 1091 839 1153 expostulationes,
861 1089 953 1154 quibus
972 1090 1033 1142 illud
1052 1091 1128 1142 ettam
1154 1091 1302 1154 petebatur,
1326 1095 1354 1144 ιι
1373 1092 1454 1144 salvis

208 1186 299 1228 eorum
317 1175 417 1238 ritibus,
435 1173 552 1238 belegatt
570 1176 705 1238 Apostolicl
721 1177 890 1242 jurisdictioni
910 1177 988 1240 plane
1011 1177 1200 1241 subjicerentur
1218 1177 1343 1241 Armenii,
1368 1179 1454 1232 donec

207 1263 268 1314 ven.
287 1263 376 1314 Frater
403 1263 527 1315 Antonius
554 1263 644 1315 Petrus
662 1263 702 1316 lli.
720 1263 747 1314 in
775 1264 862 1316 otbcio
890 1264 1058 1316 l’atriarcbae
1086 1266 1212 1316 maneret.
1247 1264 1320 1326 Quod
1348 1264 1453 1328 quidem

207 1349 276 1402 nubo
296 1361 402 1412 prorsus
420 1349 497 1402 modo
516 1350 704 1418 indulgendum,
719 1351 873 1414 censuimus,
892 1350 970 1404 etlam
989 1362 1071 1404 exeo
1090 1351 1157 1416 quod
1170 1351 1344 1416 excogtiatum
1364 1351 1449 1404 mani·

207 1436 275 1491 leste
293 1436 374 1490 luerit
391 1438 423 1490 ati
442 1438 620 1492 declinandam
638 1432 779 1503 legitimam
796 1436 912 1500 ejusdem
931 1438 1121 1490 auctoritatem.

310 1522 417 1576 Gravius
435 1527 522 1577 aulem
541 1527 590 1587 est,
609 1522 771 1588 Apostolicae
790 1523 865 1576 Sedis
884 1523 1037 1577 auctoritate
1057 1523 1125 1576 abuti
1139 1523 1171 1576 ad
1184 1523 1359 1587 effugiendam
1373 1523 1452 1576 l’rae·

206 1609 318 1662 latorum
343 1607 538 1662 correctionem.
580 1609 697 1676 llamque
719 1622 822 1664 sacrum
847 1614 887 1662 est
913 1614 939 1664 et
963 1595 1033 1664 omri
1052 1612 1139 1662 aetate
1162 1613 1310 1673 servatum,
1328 1613 1405 1675 atque
1425 1611 1451 1662 in

187 1696 306 1748 bonore
325 1695 441 1749 babitum
456 1696 499 1760 lus
518 1696 696 1760 appellationis
721 1696 755 1749 ad
779 1687 919 1750 itomanam
939 1697 1104 1761 lentiorem,
1125 1696 1164 1750 ιιι
1183 1696 1305 1748 ιιιιιιιιι
1323 1707 1449 1749 ιιιιιιιι

206 1783 323 1844 potestas
340 1782 407 1835 inest
430 1782 605 1847 quorumlibet
621 1771 739 1836 lodicum
766 1783 846 1846 ligata
870 1783 1005 1836 sententiis
1031 1783 1198 1856 dissolvendi.
1233 1781 1328 1834 ilerum
1346 1782 1449 1836 minime

206 1869 343 1921 terendum
363 1868 462 1933 estius
480 1869 543 1922 iilud
562 1872 716 1933 praetexere
734 1870 761 1920 et
780 1881 812 1922 eo
830 1868 903 1922 abuti
921 1870 953 1922 ad
972 1869 1164 1922 inobedientiae
1188 1869 1370 1934 patrocinium,
1388 1879 1443 1920 curu

205 1955 304 2008 scilicet
320 1955 415 2008 subditi
435 1969 466 2009 en
484 1955 591 2010 consilio
611 1955 637 2008 in
654 1965 745 2008 vocem
764 1956 943 2020 appellationis
961 1958 1051 2009 contra
1070 1956 1270 2008 ecclesiasticam
1289 1954 1446 2018 disciplinam
1547 2001 1548 2014 ,

205 2053 344 2106 perperam
370 2046 517 2106 erumpunt.
560 2042 709 2096 Remedium
737 2042 806 2096 eninr
834 2043 1028 2106 appellationis,
1056 2043 1093 2096 uti
1120 2042 1223 2095 monuit
1246 2042 1393 2094 Alexander
1411 2042 1449 2094 lli.

206 2127 395 2182 Praedecessor
412 2130 517 2194 Noster,
541 2142 593 2184 non
618 2131 675 2183 ideo
700 2129 834 2182 inuentum
852 2132 891 2182 est
909 2134 937 2183 ut
959 2130 1033 2182 alicui
1052 2142 1067 2182 a
1085 2129 1223 2191 Religionis
1242 2133 1269 2181 et
1286 2127 1381 2183 ordinis
1401 2129 1449 2181 ob·

205 2219 336 2270 servantia
355 2218 516 2270 exorbitanti
534 2218 627 2271 debeat
645 2216 671 2269 ln
689 2229 736 2269 ιιι
754 2216 868 2283 nequitia
887 2217 1056 2282 patrocinium
1076 2217 1209 2270 exbibere.
1246 2217 1280 2268 Ac
1298 2223 1388 2268 notum
1407 2219 1450 2268 est

205 2303 332 2358 universis
351 2304 537 2367 appellationes
554 2305 580 2357 ln
599 2305 708 2357 materia
725 2304 895 2356 correctionis
917 2305 943 2356 et
953 2315 1056 2358 morum
1075 2305 1100 2356 in
1118 2302 1265 2356 devolutiuo
1284 2303 1391 2367 tautum,
1410 2303 1449 2355 uti

206 2391 285 2456 ιιιιι,
310 2391 453 2444 ιιιιιιιιι
481 2403 547 2443 ιιιι.
584 2389 628 2454 ool
655 2402 730 2443 secus
759 2402 839 2454 agere
867 2390 1090 2454 praesumpserint
1116 2403 1169 2442 non
1197 2394 1249 2442 lam
1275 2389 1448 2454 obsequentes

206 2478 367 2562 Apostolicae
385 2477 459 2531 sedis
478 2477 521 2530 dlii
541 2489 619 2542 quam
639 2477 806 2530 ecclesiastici
825 2477 924 2530 ordinis
943 2477 1138 2540 perturbatores
1158 2488 1216 2528 esse
1235 2476 1429 2528 convincuntur.

308 2581 340 2633 ut
358 2580 423 2633 ordo
442 2581 490 2633 iste
508 2585 640 2643 serretur,
659 2593 690 2634 ex
710 2581 782 2645 cutus
800 2581 988 2646 tranquillitate
1006 2593 1057 2644 pax
1076 2579 1206 2646 exsurgit,
1229 2593 1337 2632 necesse
1361 2583 1448 2632 estut

204 2669 381 2733 unusquisque
399 2679 499 2720 memor
517 2667 667 2721 conditionis
686 2679 750 2720 suae
769 2667 963 2730 diligentissime
990 2670 1097 2729 caveat,
1125 2679 1158 2718 ne
1176 2667 1242 2720 lines
1266 2667 1444 2720 ecclesiasticis

204 2756 304 2822 iegibus
330 2754 378 2807 sibi
405 2757 572 2819 praestitutos
599 2755 816 2820 transgrediatur.
861 2755 945 2818 Quare
971 2755 1123 2807 sacerdotes
1152 2757 1253 2817 oportet
1277 2754 1449 2806 emundanis

204 2845 274 2897 curis
292 2843 368 2907 plane
387 2843 486 2895 alienos
505 2843 598 2895 divinis
616 2842 764 2896 ministeriis
783 2845 859 2906 atque
878 2843 1022 2894 animarum
1041 2842 1116 2894 saluti
1134 2853 1235 2904 semper
1249 2853 1307 2893 esse
1319 2841 1447 2906 addictos,

204 2930 309 2994 suisque
327 2929 456 2994 liplscopis
476 2942 515 2994 ea,
535 2942 586 2994 qua
605 2940 653 2993 par
670 2935 718 2994 est,
737 2929 885 2981 reverentia
904 2929 1020 2981 obedire.
1056 2928 1173 2982 llonaebi
1186 2928 1270 2991 etiarn,
1290 2929 1334 2991 qul
1346 2928 1374 2979 in
1387 2941 1447 2992 pro·

204 3015 318 3069 sessione
335 3029 383 3069 sua
401 3027 491 3068 omnes
510 3003 590 3068 seculi
609 3027 684 3069 ouras
703 3014 870 3080 abdicarunt,
896 3015 991 3067 debent
1014 3017 1120 3068 omuino
1144 3016 1170 3067 in
1193 3017 1283 3066 saneta
1308 3027 1447 3066 conversa·

203 3104 273 3156 tione
292 3109 318 3155 et
335 3104 361 3156 ln
379 3104 467 3156 babitu
486 3104 586 3156 Ordinis
612 3103 651 3156 sui
680 3103 765 3156 vivere
795 3106 820 3155 et
846 3103 871 3154 in
889 3103 1051 3154 lionasterils
1080 3103 1119 3154 ιιι
1147 3101 1263 3164 hospitiis
1281 3101 1447 3166 tranquillam

204 3191 433 3255 intaminatamque
452 3193 530 3244 vitam
550 3202 642 3254 agere,
665 3203 779 3255 suaeque
798 3194 823 3243 el
842 3190 1020 3254 proximorum
1039 3191 1160 3240 aeternae
1179 3187 1256 3239 saluti
1278 3199 1382 3250 semper
1400 3189 1448 3240 ad·

202 3277 331 3340 laborare,
349 3280 453 3330 servata
473 3290 550 3343 quam
570 3277 665 3330 debent
683 3277 814 3340 Episcopis
832 3276 980 3340 reverentia
1000 3277 1078 3341 atque
1093 3275 1249 3327 obedientia.
1274 3275 1351 3327 liade
1365 3287 1446 3328 causa

203 3363 329 3415 salutares
347 3365 419 3426 leges
437 3369 515 3430 alque
533 3365 717 3416 instructiones
733 3364 831 3427 jamdiu
850 3363 933 3414 editae
952 3363 1058 3422 luerunt
1076 3363 1109 3414 ab
1128 3363 1178 3413 bac
1196 3363 1221 3413 S.
1240 3363 1307 3414 sede
1324 3373 1371 3424 pro
1391 3363 1446 3415 blo·

203 3449 293 3503 nacbis
308 3449 527 3514 Constantinopoli
546 3450 709 3514 degentibus,
729 3462 835 3514 quarum
854 3449 952 3502 initium
973 3446 1153 3517 Complures
1172 3448 1303 3509 (instruct.
1322 3450 1347 3500 S·
1367 3449 1393 3502 c.
1413 3451 1446 3501 de

203 3536 279 3599 Prop.
298 3535 358 3589 Fide
377 3538 418 3590 ιιι.
438 3539 546 3602 August.
568 3534 657 3602 isat),
678 3539 705 3589 et
726 3534 925 3604 compertum
944 3539 987 3589 est
1006 3533 1119 3601 (beoret.
1139 3538 1164 3586 S.
1184 3536 1209 3588 c.
1229 3536 1303 3597 trop.
1321 3535 1379 3588 l'ide
1399 3537 1445 3587 ιιι.

204 3626 308 3685 August.
331 3623 424 3689 i853);
450 3637 515 3689 quae
540 3625 562 3676 sl
585 3631 705 3676 servatae
730 3625 840 3676 tuissent
864 3624 967 3676 minime
987 3623 1075 3675 dolere
1093 3634 1249 3685 cogeremur
1267 3621 1390 3688 quosdam
1411 3635 1445 3674 ex

202 3710 333 3764 bonaebis
351 3711 413 3774 ipsis
432 3725 447 3762 a
465 3715 537 3763 recto
557 3710 659 3764 tramite
678 3712 840 3763 discessisse.
876 3711 958 3762 Hasce
985 3711 1072 3776 itaque
1095 3710 1276 3762 instructiones
1295 3708 1392 3760 serrari
1410 3707 1444 3759 ab

203 3795 322 3848 omnibus
341 3795 373 3848 ad
393 3809 457 3860 quos
475 3799 604 3862 pertinent
623 3799 737 3850 districte
757 3797 943 3860 praecipimus,
963 3795 1066 3860 tibique
1087 3807 1153 3848 onus
1171 3795 1329 3860 iniungimus
1350 3801 1377 3848 ut
1393 3805 1439 3856 pro

136 3909 138 3914 ·
202 3881 248 3934 Tul
266 3883 379 3936 muneris
398 3884 484 3936 officio
503 3898 533 3938 ac
551 3889 680 3948 potestate
699 3885 841 3938 eorundem
861 3883 1051 3936 observantiam
1070 3883 1173 3934 omnino
1193 3893 1277 3936 cures.

307 3969 419 4032 benique
437 3970 573 4023 laicorum
593 3977 680 4025 coelus
699 3973 724 4024 in
743 3971 830 4024 oiilcio
850 3983 897 4022 suo
916 3973 1030 4032 maneat,
1048 3982 1131 4034 neque
1149 3969 1176 4020 in
1194 3970 1380 4022 ecclesiasticas
1397 3979 1444 4020 res
1542 3995 1543 4044 ,

202 4067 231 4108 se
249 4057 302 4108 ullo
321 4054 398 4108 modo
416 4055 569 4112 immisceat.
604 4060 697 4112 liorurn
716 4059 742 4110 in
762 4059 871 4111 Ecclesia
892 4062 931 4110 est
950 4057 1035 4108 duceri
1053 4058 1235 4121 uon‘docere,
1258 4057 1314 4120 regi
1332 4067 1383 4108 non
1401 4067 1444 4106 re·
1542 4061 1543 4134 J

202 4152 281 4206 gere;
299 4143 324 4193 ιι
343 4141 467 4193 ιιιιιιιιι
486 4144 531 4196 liei
549 4146 612 4198 nibli
631 4157 743 4209 unquam
762 4147 816 4196 tam
834 4144 940 4196 noxium
959 4143 1015 4204 luit,
1036 4155 1067 4195 ac
1085 4149 1224 4206 propterea
1242 4156 1258 4194 a
1277 4143 1376 4194 Sanctis
1393 4140 1444 4192 Pa·

202 4227 283 4280 tribus
301 4232 327 4280 et
345 4240 360 4279 a
379 4229 496 4282 conciliis
515 4234 591 4284 etlam
611 4229 783 4286 oecumenicis
809 4233 844 4284 nil
863 4233 945 4295 magis
971 4233 1157 4294 improbatum,
1184 4243 1261 4297 quam
1285 4236 1313 4284 ut
1330 4229 1399 4283 Loici
1418 4229 1445 4279 in

203 4313 375 4368 ecclesiastica
393 4317 498 4380 negotia
515 4331 544 4370 se
561 4332 590 4370 se
609 4321 762 4382 insererent,
780 4324 806 4372 et
824 4321 850 4371 in
869 4320 1069 4371 ecclesiasticum
1090 4318 1207 4370 ordinem
1225 4318 1360 4370 insilirent.

306 4400 375 4452 llaec
392 4408 464 4467 sunt,
483 4405 545 4457 lien,
564 4406 665 4470 Frater,
691 4417 756 4471 quae
775 4405 827 4458 libi
848 4404 1015 4469 significanda
1039 4407 1117 4469 atque
1142 4407 1285 4457 mandanda
1305 4404 1444 4468 duximus3

202 4497 268 4550 quae
286 4490 315 4538 ut
333 4490 414 4550 possit
431 4490 515 4544 utilius
533 4494 649 4558 exsequi,
666 4495 825 4546 necessarias
845 4505 935 4546 ornnes
953 4496 1032 4558 atque
1052 4495 1212 4556 opportunas
1231 4491 1369 4546 facultates
1387 4491 1445 4543 libi

202 4573 272 4626 bisce
290 4572 389 4626 litteris
407 4575 550 4628 tribuimus.

307 4661 359 4724 Age
377 4662 472 4728 ltaque,
490 4676 522 4717 ac
539 4665 624 4718 divino
644 4667 739 4720 auxilio
758 4668 842 4722 fretos
861 4668 933 4731 operi
952 4679 1056 4726 manum
1080 4667 1199 4724 alacriter
1217 4667 1336 4729 admove,
1362 4665 1388 4716 et
1407 4665 1443 4717 ad
