3160 5010
221 287 285 354 411
328 305 487 376 statuero,
507 310 588 364 raus.
607 307 743 363 urucae
760 273 881 362 assonare
899 307 945 362 aar
961 307 1001 360 au
1023 307 1054 362 rr
1073 307 1172 373 aragon
1191 307 1237 361 ra
1256 309 1349 372 congr.
1371 308 1479 364 conon.
1560 363 1561 372 ,

323 479 373 548 Ad
400 481 535 566 penitius
557 480 736 548 excolendos
759 479 885 546 clericos
917 477 1124 546 excellentiori
1152 481 1276 565 ingenio
1309 480 1480 564 praeditos

221 585 254 650 in
278 584 391 652 divinis
413 585 571 669 sacrisque
593 585 765 670 disciplinis
788 584 949 650 adeundae
972 585 1064 650 erunt
1077 585 1294 651 universitates
1317 586 1350 650 et
1372 586 1479 650 colle·

221 689 291 776 gia,
313 690 346 754 in
368 691 481 774 quibus
513 708 600 756 sacra
634 689 774 756 doctrina
807 690 839 754 et
872 687 1004 754 historia
1026 689 1235 756 ecclesiastica
1256 707 1312 754 nec
1334 708 1395 754 non
1418 689 1478 773 jus

220 794 401 860 canonicum
423 793 559 860 traditur
582 813 600 860 1
623 793 800 860 doctoribus
823 793 855 858 et
878 792 950 860 fidei
973 812 1103 860 censura
1126 795 1157 860 et
1180 793 1310 860 scientia
1331 793 1476 878 insigni-

219 897 287 976 bus,
311 899 343 963 ct
364 899 418 965 ubi
440 900 609 984 suppetant
630 899 663 964 in
685 897 881 964 bibliothecis
903 898 1035 982 publicis
1058 899 1198 964 subsidia
1212 899 1384 964 literarum.
1435 899 1477 962 Iu

221 1001 356 1086 singulis
379 1003 483 1068 arrtem
506 1003 697 1070 dioecesibus
717 1002 887 1067 curandum
909 1003 1008 1081 esset,
1039 1003 1076 1067 ut
1106 1003 1184 1068 tales
1215 1003 1319 1068 clerici
1350 1005 1408 1068 aat
1437 1023 1476 1068 ex

220 1106 377 1172 beneficiis
400 1106 591 1192 simplicibus
614 1107 750 1174 obtentis
773 1105 828 1170 aut
848 1125 883 1171 ex
905 1105 1085 1172 fondatione
1108 1106 1332 1190 stipendiorum
1347 1106 1386 1172 ad
1410 1107 1475 1172 hoc

220 1211 362 1278 socienda
383 1212 502 1295 copiam
525 1211 564 1277 ad
587 1213 729 1294 sumptus
751 1211 938 1276 necessarios
960 1211 1118 1296 acquirere
1141 1213 1277 1295 possent.
1374 1203 1377 1212 “

325 1317 475 1400 Quaestio
497 1317 562 1382 IX.
609 1315 759 1393 Materia,
792 1333 870 1400 quae
897 1315 929 1379 in
952 1313 1012 1380 hac
1034 1317 1214 1398 quaestione
1241 1317 1415 1394 tractatur,
1441 1317 1474 1381 in

219 1421 360 1488 Dioecesi
381 1421 528 1506 Spirensi,
551 1440 628 1505 quae
650 1420 778 1504 penaria
800 1421 982 1486 clericorum
1005 1419 1106 1486 adhuc
1128 1421 1270 1499 laborat,
1297 1419 1471 1486 secundum

93 1607 97 1618 ¹.
220 1545 356 1592 canones
378 1527 520 1592 ordinata
540 1528 599 1605 est,
620 1527 727 1590 contra
748 1541 824 1608 quos
847 1543 987 1591 excessus
1011 1543 1071 1600 nou
1093 1525 1237 1591 existunt.
1270 1524 1319 1590 Ad
1343 1543 1473 1591 servan·

223 1629 349 1697 damin
373 1629 486 1696 111111
509 1629 704 1714 disciplinam
730 1629 987 1707 ecclesiasticam,
1011 1648 1106 1695 novae
1129 1629 1299 1696 decisiones
1321 1630 1472 1714 legesque
1560 1713 1561 1728 χ

224 1755 284 1801 non
307 1735 530 1801 desiderantur.
1560 1785 1561 1816 ,

317 1838 474 1928 ¹Quaestio
508 1837 552 1903 X.
609 1836 759 1920 Expedit,
793 1838 830 1900 at
863 1834 993 1902 Ordines
1027 1838 1058 1902 et
1082 1835 1361 1922 congregationes,
1393 1859 1471 1922 quas
1560 1819 1561 1844 ¹

223 1941 402 2025 Apostolica
434 1941 529 2008 Sedes
560 1941 627 2024 jam
649 1938 850 2023 approbavit,
886 1941 1060 2024 augeantur
1089 1941 1122 2005 et
1143 1940 1239 2005 latius
1262 1931 1421 2019 crescant,
1446 1942 1471 2005 si

224 2046 333 2130 regula
356 2049 387 2113 et
410 2046 530 2111 statuta
553 2063 659 2110 corum
680 2042 894 2126 praesentibus
916 2060 1018 2108 rerum
1041 2044 1285 2126 circumstantiis
1307 2047 1341 2110 ct
1363 2065 1470 2110 neces-

225 2149 598 2229 sitatibusconveniant,
629 2148 656 2212 si
678 2166 756 2225 non,-
780 2147 919 2231 expedit,
942 2149 979 2212 ut
1003 2149 1154 2232 episcopi,
1188 2149 1358 2231 impetrata
1381 2149 1470 2214 Sedis

225 2255 404 2336 Apostolica
427 2253 656 2337 approbatione,
681 2270 775 2317 novas
798 2251 1060 2336 Congregationes
1083 2252 1274 2327 constituant
1298 2254 1470 2320 11111111-

175 2375 177 2380 ’
225 2360 321 2436 ment,
344 2376 423 2441 quae
446 2357 541 2422 saluti
563 2356 737 2422 animarum
759 2357 791 2420 11
813 2355 1049 2421 necessitatibus
1065 2355 1259 2440 singularam
1274 2355 1470 2422 Dioecesiam

141 2489 143 2494 ’
226 2461 420 2528 conveniunt.
467 2459 564 2526 Carae
598 2459 776 2526 tamensis
806 2477 872 2524 esse
895 2458 1005 2538 debet,
1028 2480 1066 2525 ne
1088 2479 1184 2528 novae
1208 2460 1470 2545 Congregationes

226 2564 320 2629 nimis
342 2565 523 2648 augeantur.

331 2670 478 2751 Quaestio
502 2669 566 2735 XI.
597 2670 634 2733 lu
655 2669 795 2742 Dioecesi
818 2667 956 2752 Spirensi
977 2669 1135 2752 hucusque
1159 2687 1277 2752 semper
1303 2669 1337 2733 in
1355 2661 1475 2735 vicario

227 2773 393 2856 capitulari
415 2771 557 2856 eligendo
580 2773 671 2856 plena
693 2772 822 2838 libertas
846 2771 956 2856 viguit.
1002 2771 1145 2856 Optanda
1172 2773 1254 2839 esset
1283 2775 1404 2854 tamen,
1434 2777 1465 2838 ut

226 2877 284 2942 illa
317 2875 447 2942 Consilii
481 2875 654 2941 Tridentini
688 2876 840 2941 ordinatio
864 2875 1019 2954 mutetur,
1050 2894 1129 2959 quae
1152 2875 1190 2958 (s.
1213 2876 1330 2942 XXIV.
1353 2897 1381 2942 c.
1405 2878 1468 2960 lo.)

223 2981 236 3064 j
279 2982 314 3045 ta
335 2979 619 3062 interpretationem
643 2977 899 3064 Congregationis
922 2977 1052 3044 Concilii
1074 2980 1131 3044 hoc
1162 2980 1341 3046 constitnit:
1377 2982 1470 3047 ›Om-

226 3083 413 3150 ninodebet
435 3083 510 3168 eligi
533 3083 639 3150 doctor
661 3083 710 3149 vel
739 3083 927 3158 licentiatus,
950 3082 1030 3148 siin
1053 3083 1189 3167 capitulo
1204 3085 1303 3168 aliqui
1324 3086 1470 3170 graduati

226 3191 334 3268 erant,
357 3189 383 3253 si
407 3188 518 3266 urinas,
544 3189 671 3271 possunt
700 3187 775 3272 eligi
804 3187 859 3254 1111
880 3187 1000 3267 111111,
1022 3187 1097 3254 licet
1122 3207 1183 3253 non
1205 3189 1268 3255 sint
1291 3189 1467 3274 graduati«

226 3293 308 3358 Nam
331 3293 357 3357 si
379 3291 456 3358 haec
477 3292 693 3376 interpretatio
716 3293 824 3358 stricte
846 3292 1076 3373 observaretur,
1106 3292 1189 3357 haud
1212 3313 1306 3377 parva
1335 3296 1470 3378 pericula

227 3395 490 3462 1111111111111
515 3391 650 3480 possent,
674 3397 767 3462 sicuti
786 3415 836 3461 res
858 3398 962 3463 nostro
985 3398 1122 3480 tempore
1145 3415 1211 3462 esse
1234 3398 1342 3463 solent.

330 3499 478 3582 Quaestio
504 3499 587 3566 XII.
633 3501 668 3564 In
692 3500 831 3566 Dioecesi
854 3499 989 3584 Spirensi
1020 3501 1123 3566 clerici
1143 3501 1298 3586 juniores,
1331 3503 1384 3587 qui
1418 3525 1470 3588 per

227 3608 247 3670 2
272 3605 319 3670 vel
341 3607 361 3668 3
384 3622 480 3669 annos
501 3605 661 3688 tamquam
686 3605 832 3672 sacellani
853 3607 903 3672 vel
919 3605 1014 3670 etiam
1029 3605 1296 3672 administratores
1310 3607 1469 3691 parochia-

93 3723 97 3726 ·
226 3729 297 3774 rum
318 3708 497 3774 vacantium
518 3709 568 3792 pie
591 3709 792 3793 sollerterque
816 3729 907 3776 carae
931 3709 1104 3776 animarum
1125 3729 1248 3794 operam
1273 3709 1424 3776 dedemnt
1439 3715 1469 3777 et

227 3813 369 3898 Episcopi
392 3811 643 3896 approbationem
666 3813 772 3898 adepti
795 3817 882 3894 sant,
909 3816 948 3880 ad
971 3833 1152 3881 concursum
1176 3816 1397 3896 convocantur,
1419 3815 1469 3899 qai

227 3915 360 3984 secundo
383 3935 503 4000 quoque
526 3935 605 3982 anno
628 3919 665 3982 ab
688 3918 839 4003 Episcopo
861 3919 1029 3986 ordinatur.

331 4021 563 4088 Examinatores
586 4022 626 4088 ad
649 4023 732 4089 huno
755 4043 935 4090 concursum
960 4024 999 4089 ab
1015 4025 1163 4109 Episcopo
1179 4025 1334 4111 designati
1356 4029 1469 4111 partim

227 4151 263 4196 ex
284 4131 401 4218 gremio
423 4129 561 4214 Capituli
585 4129 790 4210 0111111111,
814 4131 929 4215 partim
953 4149 988 4196 ex
1003 4131 1223 4216 professoribus
1241 4131 1423 4216 theologicis
1439 4136 1469 4198 et

208 4235 368 4328 parochis
391 4233 506 4300 curatis
529 4235 619 4300 electi
642 4238 723 4302 sant.

331 4340 466 4404 Examen
488 4339 525 4405 iit
547 4339 584 4404 de
607 4340 749 4406 omnibus
772 4341 948 4428 theologiae
971 4340 1160 4424 disciplinis,
1190 4341 1260 4406 tam
1281 4340 1467 4422 theoreticis

23 4513 26 4520 ,
94 4433 100 4444 “
227 4445 294 4508 tum
318 4443 463 4529 practicis
491 4445 522 4509 et
545 4442 582 4508 de
605 4445 765 4525 omnibus,
794 4463 873 4529 quae
897 4445 938 4512 ad
959 4445 1070 4511 bonam
1093 4445 1265 4510 animamur
1289 4463 1465 4512 11111111-

201 4548 392 4714 Ι1111111111·
425 4549 457 4612 11
490 4547 530 4613 11
564 4549 703 4634 singulas
737 4547 857 4616 theses
876 4551 991 4637 partim
1019 4549 1133 4636 scripto
1159 4549 1274 4635 partim
1304 4549 1374 4616 viva
1397 4570 1466 4618 voce

228 4667 337 4733 respon
359 4652 438 4720 etur.
