3160 5010
218 360 264 414 llic
282 359 459 412 l¹ollmaclrlen
478 359 523 410 des
543 360 634 423 papstr.
653 359 794 422 belegaten
814 372 845 411 zu
865 359 1076 424 Constantinopel
1095 362 1156 425 ligr.
1175 359 1273 424 Pluym.
1318 340 1381 407 485

138 533 410 586 commemorationem
430 533 454 584 io
474 519 640 584 sacrosancto
658 533 748 584 blissae
766 533 907 594 sacritlcio,
933 536 1009 596 atque
1031 533 1056 584 in
1076 531 1166 586 diuinis
1186 531 1278 586 ciliciis
1297 537 1380 598 palam

137 621 325 680 intermittere,
344 631 374 671 ac
398 623 500 671 demum
529 620 555 670 in
583 621 683 682 privata
707 620 782 671 domo
808 622 889 672 altare
914 624 1004 672 contra
1023 620 1165 682 legitimum
1184 623 1267 672 altare
1287 621 1381 673 cbrisli

139 707 242 767 erigere
262 705 365 757 minime
384 706 622 769 reiorrnidareriut,
648 712 672 758 et
692 705 829 758 Ecclesiam
854 707 946 758 ibidem
966 707 1135 771 constituere,
1162 717 1238 771 quam
1257 707 1382 770 singulari

138 792 279 843 verborum
300 794 500 844 contradictione
519 794 662 845 Armeniam
681 795 832 844 catholicam
848 794 1063 856 independentern
1078 795 1255 858 appellaruni3
1275 793 1382 857 perinde

140 892 173 930 ac
192 881 213 930 si
232 879 258 929 in
277 881 387 931 Ecclesia
407 881 531 932 ratbolica
560 881 648 932 liceret
676 881 802 932 Nidelibus
830 881 956 932 arbitratu
984 893 1031 931 suo
1051 881 1152 944 rlrere,
1180 885 1206 932 et
1226 893 1278 934 non
1297 883 1382 946 potius

140 965 190 1028 ipsi
210 967 333 1016 deberent
349 966 422 1028 juxta
441 967 554 1028 aposloli
574 969 739 1029 praeceptum
760 967 865 1018 obedire
885 966 1040 1030 praepositis
1063 967 1114 1017 suis
1139 971 1164 1018 et
1183 967 1318 1030 subiacere
1337 969 1383 1024 eis.

189 1063 193 1070 “
247 1052 401 1104 Grauissima
420 1053 536 1115 proiecto
555 1055 622 1117 sunt,
640 1053 700 1104 llen.
715 1055 763 1118 lin,
782 1055 924 1116 hujusmodi
943 1053 1190 1115 improbandosque
1204 1055 1281 1117 lacta,
1301 1067 1383 1120 eoque

141 1139 220 1190 Nobis
239 1140 386 1202 acerbiora,
411 1144 547 1202 propterea
572 1142 639 1204 quod
667 1153 696 1191 ea
722 1141 753 1191 ab
772 1142 897 1192 armeniis
923 1141 1076 1206 praesertim
1096 1141 1319 1206 constantinopoli
1337 1145 1385 1194 de-

140 1225 261 1289 gentibus
281 1221 384 1276 minime
404 1227 630 1291 exspectabamus,
659 1239 722 1290 quos
743 1227 885 1289 lipostolioa
905 1227 984 1279 Sedes
1009 1227 1134 1289 singulari
1159 1239 1221 1280 curu
1240 1238 1271 1279 ac
1290 1230 1383 1280 sollici·

141 1314 230 1364 tudine
250 1313 296 1362 luit
315 1325 418 1375 semper
437 1319 600 1378 prosequuta.
636 1314 725 1377 Neque
744 1315 839 1366 doloris
857 1315 941 1365 Nostri
965 1315 1131 1388 acerbitatem
1156 1315 1219 1366 satis
1239 1315 1319 1367 lenire
1338 1329 1383 1377 po·

142 1403 254 1452 luerunt
272 1401 471 1462 protestationes
496 1402 658 1452 reuerentiae
674 1407 757 1464 ‘alque
783 1402 944 1452 obedientiae
968 1411 1030 1464 erga
1058 1402 1124 1452 banc
1149 1402 1292 1453 Beatissimi
1316 1403 1382 1454 Petri

143 1488 298 1538 Catlredranr
318 1499 381 1550 quas
401 1489 618 1548 deprehendimus
637 1489 662 1537 in
682 1487 930 1550 expostulationibus
949 1489 1026 1539 Nobis
1051 1488 1170 1540 exlribilis
1195 1502 1209 1539 a
1234 1489 1383 1540 memoralis

142 1572 232 1633 Laicis,
252 1573 364 1633 clericis,
384 1585 413 1624 ac
432 1575 572 1637 lionacbis3
610 1587 658 1626 uae
677 1558 875 1636 protestationes
894 1575 960 1626 futili
981 1576 1023 1626 illa
1044 1576 1222 1638 appellationis
1242 1587 1304 1626 eecce
1325 1587 1383 1626 con·

143 1659 242 1711 ormari
261 1647 337 1720 posse
356 1660 516 1719 ridebantur,
535 1663 560 1712 in
580 1587 656 1732 offam
675 1661 790 1712 nonnulli
811 1663 980 1724 erumpebant
1006 1663 1038 1714 ad
1057 1663 1229 1725 elingiendam
1247 1664 1383 1714 memorati

145 1748 206 1797 lien.
226 1747 263 1797 Fr.
282 1746 384 1809 losepbi
404 1747 597 1798 correctionem.
635 1747 731 1797 litenim
752 1753 841 1798 contra
854 1747 1032 1798 auctoritatem
1051 1749 1126 1812 hujus
1140 1748 1383 1812 apostolicaesedis
1399 1775 1402 1787 ι

144 1833 267 1884 divinitus
287 1834 453 1884 constitutam
475 1845 599 1883 erroneae
618 1833 750 1898 falsaeque
769 1835 903 1885 doctrinae
921 1841 997 1899 atque
1017 1835 1158 1886 calumniae
1176 1835 1201 1886 in
1222 1837 1314 1897 vulgus
1326 1835 1384 1886 iue-

85 1918 87 1920 ’
141 1923 201 1970 runt
219 1919 408 1982 disseminatae,
427 1923 451 1970 et
471 1919 620 1971 Nostrarum
640 1921 715 1971 etiarn
736 1903 947 1974 constitutionum
966 1923 1002 1972 ris
1022 1927 1048 1972 et
1065 1921 1203 1973 auctoritas
1217 1922 1337 1984 despecta
1354 1933 1383 1973 ac

146 2005 295 2054 detrectata.
359 2054 363 2062 ,
561 2006 563 2010 ’
885 2012 895 2020 “

246 2087 295 2140 Etsi
319 2101 381 2141 vero
407 2091 471 2140 baec
496 2091 563 2142 lacta
587 2104 618 2142 ex
643 2093 727 2143 animo
747 2095 912 2143 uehementer
931 2095 1061 2155 dolemus,
1080 2107 1131 2145 non
1148 2106 1284 2156 possumus
1302 2096 1381 2158 longe

143 2176 265 2238 majorem
285 2176 462 2228 Armeniorum
489 2177 602 2239 ejusdem
626 2179 702 2229 Urbis
727 2183 826 2241 partem
846 2180 907 2230 salis
928 2182 1123 2243 commendare,
1150 2193 1216 2244 quae
1236 2187 1384 2234 constanter

142 2263 168 2313 in
188 2263 272 2314 cilicio
292 2275 321 2313 ac
346 2263 398 2314 lide
417 2266 572 2325 permansit,
597 2278 713 2328 quaeque
736 2267 851 2328 legitimo
876 2279 923 2318 suo
943 2267 1121 2328 Patriarcbae,
1147 2267 1305 2332 Nostraeque
1325 2269 1384 2320 huic

143 2349 199 2399 Sedi
218 2349 361 2400 arctissime
379 2355 455 2412 atque
474 2363 505 2400 ex
525 2352 609 2400 animo
629 2349 749 2402 obstricta
769 2351 931 2415 elllagitaril,
952 2359 978 2404 ut
998 2366 1012 2404 a
1031 2355 1109 2404 tantis
1128 2354 1201 2404 malis
1214 2355 1380 2406 liberaretur.

252 2435 345 2496 ouibus
365 2449 410 2498 pro
436 2437 519 2487 Nostri
543 2439 673 2488 ministerii
700 2440 785 2490 debito
807 2451 944 2492 occurrere
970 2441 1097 2502 volentes,
1120 2441 1185 2503 Tibi,
1216 2441 1275 2506 lien.
1295 2441 1385 2492 Frater

145 2521 187 2584 qui
205 2520 348 2584 tipostolica
371 2522 462 2574 Nostra
482 2523 647 2586 Delegatione
671 2525 697 2576 in
720 2527 786 2578 Urbe
806 2529 1086 2590 constantinopolitana
1112 2528 1289 2590 perfungeris,
1311 2539 1383 2578 man·

145 2609 244 2670 damus,
264 2615 291 2658 ut
309 2611 497 2670 quamprimum
523 2612 548 2660 in
567 2612 684 2663 eamdem
710 2613 837 2664 civitatem
866 2614 972 2676 redeas,
996 2615 1081 2679 ibique
1107 2628 1153 2677 pro
1177 2601 1383 2666 commissi‘iibi

144 2696 257 2745 muneris
276 2696 375 2745 ratione
395 2697 532 2747 catholicos
551 2698 692 2751 orientales
712 2701 737 2750 in
756 2713 801 2752 sua
820 2701 869 2752 lide
889 2701 1053 2764 confirmare,
1073 2707 1148 2765 atque
1168 2703 1267 2765 eosqui
1288 2715 1301 2752 a
1321 2713 1381 2764 pro·

143 2781 200 2850 prio
220 2781 305 2832 cilicio
325 2783 492 2846 declinarunt,
512 2785 543 2834 ad
562 2783 651 2834 salrrtis
670 2786 797 2836 tramitem
812 2790 877 2841 *totis
898 2789 992 2838 uiribus
1012 2789 1136 2840 reducere
1156 2790 1305 2840 contendas,

246 2870 275 2919 Ut
294 2877 379 2920 autem
399 2871 463 2920 baec
482 2873 528 2922 rite
548 2871 718 2933 perficiantur,
738 2875 913 2926 necessarium
926 2881 973 2937 est,
993 2876 1054 2926 ven.
1068 2877 1162 2936 Frater,
1180 2875 1308 2928 Fidelibus
1322 2865 1382 2925 tuae

144 2965 219 3003 curae
239 2958 382 3006 commissis
401 2959 425 3006 in
445 2963 556 3008 mentem
576 2971 681 3010 rerrrees
700 2965 777 3023 alque
795 2962 915 3022 incrrlces,
934 2964 965 3012 ad
986 2963 1136 3014 calholicam
1157 2963 1230 3014 iidem
1252 2961 1382 3022 pertinere

142 3039 255 3090 Romano
275 3039 388 3090 Pontifici
405 3041 430 3090 in
450 3043 528 3093 Beato
548 3045 622 3094 Petro
637 3047 762 3105 pascendi·
771 3049 877 3108 regendi
892 3055 917 3098 el
932 3048 1092 3112 gubernandi
1108 3049 1279 3100 universalem
1297 3049 1380 3100 Eccle-

141 3127 205 3176 siam
225 3139 240 3176 a
260 3127 366 3178 Domino
387 3127 479 3178 Nostro
497 3128 558 3179 lesu
577 3129 680 3181 obristo
699 3133 800 3194 plenam
820 3138 973 3195 potestatem
999 3137 1231 3200 auctoritatemque
1251 3149 1307 3198 esse
1327 3139 1378 3186 tra-

142 3211 231 3276 dilam;
251 3212 321 3274 cujus
340 3213 444 3274 plenrrm
463 3227 491 3264 ac
509 3215 618 3268 liberum
643 3219 794 3272 exercitium
817 3223 893 3274 nullis
918 3221 1114 3277 territoriaiibus
1140 3229 1183 3274 aut
1205 3223 1377 3274 nationalibus

142 3297 261 3350 limitibus
279 3301 362 3360 potest
381 3299 554 3353 circumscribi
574 3307 599 3353 et.
618 3307 774 3357 coercerizet
793 3319 883 3359 purnes
902 3301 943 3372 qui
962 3310 1088 3362 catholico
1104 3311 1210 3362 nomine
1228 3289 1378 3373 gloriantur,

142 3397 192 3435 non
227 3387 311 3436 solum
348 3387 443 3437 debere
472 3401 529 3440 cum
556 3390 598 3442 illo
626 3395 816 3447 communicare
842 3399 927 3460 quoad
956 3397 1032 3450 odem
1061 3402 1086 3449 et
1119 3399 1254 3462 dogmata,
1293 3409 1382 3452 verum

145 3471 221 3522 eliam
241 3472 348 3524 subesse
371 3473 456 3536 quoad
474 3476 537 3528 ritus
554 3483 579 3530 et
597 3478 764 3544 disciplinam.

247 3576 300 3638 oua
322 3578 346 3628 in
365 3589 393 3629 re
412 3592 444 3630 ne
464 3583 651 3642 praetermittas
666 3587 799 3639 Armenios
813 3599 955 3654 omnesque
968 3587 1109 3642 orientales
1122 3590 1239 3652 edocere,
1259 3590 1383 3652 quantum

144 3663 297 3714 discriminis
317 3663 475 3725 disciplinam
495 3668 562 3720 inter
581 3679 606 3721 et
623 3673 698 3723 ritum
718 3674 868 3736 intercedat,
888 3677 957 3740 cujus
977 3679 1109 3740 utriusque
1135 3677 1171 3728 rei
1190 3677 1308 3728 conlusio
1327 3678 1383 3728 illo·

141 3761 196 3799 rmn
216 3749 329 3800 bdelium
348 3752 459 3802 mentem
480 3756 621 3821 perturbat,
639 3759 750 3820 pluribus
769 3761 919 3826 injustisque
939 3763 1107 3826 querimoniis
1127 3765 1287 3816 occasionem
1307 3775 1394 3828 prae*

143 3835 203 3888 bere
224 3847 275 3886 non
292 3840 383 3898 cessat,
403 3851 485 3902 eaque
505 3842 616 3894 maxime
636 3845 775 3899 abutuntur
794 3849 823 3899 ad
850 3849 1012 3901 conflandam
1037 3855 1127 3904 contra
1145 3851 1319 3914 Apostolicam
1337 3854 1383 3904 Se·

141 3923 196 3972 dem
215 3923 333 3974 invidiam
353 3925 369 3976 ii
388 3937 478 3976 omnes
497 3929 538 3992 qui
557 3933 697 3982 salutarem
717 3933 833 3996 ejusdem
846 3936 920 3987 Sedis
939 3936 1066 3988 actionem
1086 3941 1112 3988 et
1130 3938 1180 3988 rim
1201 3941 1225 3990 in
1240 3939 1382 3992 orientales

143 4007 266 4068 Ecclesias
285 4011 411 4074 impedire
430 4017 474 4062 aut
492 4015 643 4068 imminuere
663 4019 765 4071 minime
783 4025 915 4073 verentur.
952 4023 1072 4086 Equidem
1092 4024 1142 4076 Nos
1162 4036 1213 4076 una
1230 4037 1289 4076 cum
1305 4027 1381 4078 Prae·

141 4094 316 4148 decessoribus
335 4099 432 4151 Nostris
459 4100 602 4154 orientales
625 4105 689 4156 ritus
715 4107 860 4158 servandos
879 4119 937 4182 esse
956 4107 1278 4176 declaravimus‚.quotles
1297 4125 1382 4177 neque

144 4179 201 4229 tidei
222 4183 247 4229 et
266 4183 357 4235 unitati
376 4187 516 4240 catholicae
535 4191 724 4254 repugnarent,
749 4205 833 4256 neque
859 4194 1049 4248 ecclesiasticae
1068 4197 1226 4267 derogarent
1245 4199 1381 4252 honestati.

141 4264 210 4325 ouod
229 4266 330 4328 quidem
354 4272 457 4324 minime
480 4273 600 4338 impedit,
623 4279 773 4348 quominus,
796 4279 822 4330 in
845 4279 882 4330 nis
907 4284 1060 4342 praesertim
1087 4296 1153 4349 quae
1176 4285 1381 4340 Ecclesiasticum

141 4353 258 4413 regimen
277 4353 424 4420 respiciunt,
443 4363 565 4412 canonica
583 4361 714 4425 disciplina
734 4365 820 4427 quoad
844 4369 981 4429 praecipua
1000 4371 1091 4422 saltem
1120 4370 1205 4434 capita
1229 4373 1321 4436 ubique
1341 4387 1382 4427 co·

141 4440 259 4503 baereat,
275 4435 305 4491 'et
323 4441 365 4492 ubi
384 4443 480 4498 incerta
498 4449 539 4499 uei
558 4450 672 4512 collapsa
690 4451 768 4502 tuerit
786 4453 944 4504 restituatur.
980 4455 1066 4520 Neque
1085 4457 1117 4508 ab
1135 4458 1184 4510 boc
1206 4471 1318 4520 unquam
1337 4461 1381 4512 de·

139 4526 277 4592 deotemus,
297 4533 374 4590 proul
392 4533 527 4593 apostolici
546 4535 631 4588 Nostri
650 4539 782 4590 ministerii
801 4551 895 4592 munus
914 4543 1017 4594 omnino
1037 4544 1156 4606 postulat.
1193 4548 1273 4609 Atque
1287 4546 1381 4600 idcirco

140 4625 169 4665 eo
196 4613 304 4665 consilio
332 4613 450 4667 Nostrum
479 4618 691 4676 constitutionem
719 4625 845 4678 edidimus
863 4628 900 4679 lll.
936 4629 995 4680 idus
1019 4630 1098 4682 iulias
1126 4643 1167 4682 arr.
1187 4631 1381 4700 ubuculxvli

139 4700 208 4765 cujus
227 4701 327 4754 initium
349 4706 389 4776 cst
408 4701 617 4777 dispersurus,-
635 4723 712 4776 quam
730 4713 756 4764 in
771 4725 822 4766 suo
841 4715 936 4768 robore
955 4727 1061 4770 manere
1080 4719 1212 4782 volumus,
1232 4721 1258 4772 et
1273 4721 1306 4772 ab
1326 4733 1381 4773 om·
