3192 5008
263 279 362 332 Relatio
382 277 607 342 epsllottenburg.
627 251 843 341 oo'quaestiooes
862 291 877 329 1
896 290 915 328 1.
935 278 1030 341 congr.
1051 240 1127 330 conc.
1147 289 1249 341 propos.
1302 253 1381 321 '307

227 450 330 527 ribus,
354 487 394 498 -
419 469 444 514 e.
469 467 499 533 g.
523 448 556 513 in
580 447 860 565 praedicationibus
891 451 922 514 et
949 439 1242 515 catechizationibus
1264 447 1383 512 sivein

227 554 290 619 eccl
293 553 364 620 esiis
388 571 458 617 eum
481 551 596 616 adultis
619 553 682 616 sine
705 553 737 616 in
760 553 873 618 scholis
897 573 965 618 cum
990 552 1093 636 pneris
1115 551 1306 628 habendis,
1298 572 1329 615 111
1353 549 1382 616 S

227 658 430 724 sacramentis
463 656 724 739 poenitentiaeet
747 657 960 747 Eucharistiae
987 655 1282 724 administrandis
1274 675 1307 719 rn
1335 655 1383 720 in-

227 761 325 826 firmis
348 760 512 826 visitandis
535 761 620 826 etc..

170 869 204 952 4)
227 865 416 933 Indomitum
439 864 580 948 Episcopi
606 864 718 928 adhort
704 864 821 930 tatione
842 883 903 932 non
934 865 1185 948 compescendam
1207 863 1384 930 altercatio·

228 989 316 1048 nem,
350 968 461 1052 quibus
495 967 575 1032 sicut
608 967 690 1032 inter
723 969 891 1051 parochum
921 971 954 1034 et
977 969 1083 1034 fideles
1105 969 1152 1034 ita
1176 971 1256 1034 inter
1277 969 1383 1054 fideles

228 1075 309 1159 ipsos
320 1073 402 1151 lites,
418 1073 500 1137 rinae
513 1073 606 1155 atque
619 1072 821 1138 dissensiones
832 1073 947 1138 iterum
960 1075 1053 1156 atque
1073 1073 1186 1138 iterum
1200 1073 1382 1140 excitantur.

147 1235 148 1238 ,
172 1181 205 1263 5)
229 1177 498 1244 Conversationem
522 1175 639 1242 Clerico
669 1177 759 1259 plane
788 1177 950 1260 indignam
980 1179 1073 1259 atque
1096 1177 1238 1260 Episcopi
1257 1177 1384 1242 monitis

229 1283 341 1367 spretis
363 1281 575 1356 continuatam
590 1300 616 1346 e.
633 1299 664 1364 g.
681 1282 941 1364 frequentationes
961 1283 1161 1348 tabernarum
1176 1281 1383 1346 communium

203 1441 208 1458 ,,
230 1389 261 1452 11
283 1387 535 1462 inhonestarum,
569 1386 761 1450 ebriositates
784 1386 964 1464 obscoenae,
988 1386 1210 1464 scurrilitates,
1244 1385 1384 1451 sordidae
1423 1378 1426 1382 ’

231 1494 263 1558 11
284 1489 482 1556 scandalosae
505 1490 563 1554 cto.

174 1599 207 1683 6)
231 1597 328 1662 Omne
350 1591 614 1676 impudicitiarum
639 1613 753 1677 genus,
789 1594 911 1676 quando
946 1613 1051 1658 earum
1083 1595 1167 1659 fama
1195 1595 1395 1679 increbuerit

230 1703 322 1784 atque
354 1699 388 1762 in
421 1696 557 1779 plurium
592 1715 643 1761 ore
667 1699 698 1762 et
731 1716 869 1762 sermone
893 1717 958 1763 esse
993 1699 1143 1782 coeperit,
1176 1699 1222 1766 ita
1257 1702 1293 1766 ut
1313 1701 1384 1766 inde

226 1804 374 1870 scandala
392 1804 564 1886 perniciosa
586 1803 778 1868 enascantur.
867 1856 870 1862 .
1081 1860 1084 1865 .

175 1908 406 1995 1111111111,
442 1909 478 1972 ut
501 1909 677 1985 statuatur,
711 1909 747 1974 ut
781 1907 914 1972 debcant
947 1908 1063 1972 talibus
1085 1909 1135 1973 rel
1170 1910 1324 1975 similibus
1348 1910 1385 1975 dc

229 2011 329 2078 causis
363 2012 539 2076 beneficiati
573 2012 637 2076 sive
658 2011 784 2093 parochi
814 2011 877 2078 sive
900 2011 1051 2094 capellani
1086 2012 1237 2090 amoveri,
1272 2013 1326 2078 sed
1349 2015 1385 2078 ut

229 2115 364 2199 possint,
397 2117 488 2197 prout
516 2115 714 2196 inquisitione
737 2117 820 2180 facta
860 2117 891 2180 et
921 2116 1048 2199 justitia
1065 2118 1102 2180 et
1123 2117 1262 2182 fidelium
1300 2117 1384 2182 salus

217 2211 424 2304 'expostulare
448 2219 599 2284 videatur.

152 2335 155 2340 '
246 2325 314 2389 Hoc
336 2323 436 2399 modo,
459 2323 492 2387 id
514 2323 596 2406 quod
619 2342 637 2388 a
660 2322 745 2388 Trid.
769 2341 791 2388 s.
815 2323 899 2388 XXI.
924 2343 949 2389 c.
974 2325 1004 2388 6.
1028 2323 1066 2390 de
1087 2324 1134 2404 iis,
1158 2324 1212 2408 qui
1234 2325 1385 2408 »turpiter

144 2431 176 2495 et
208 2429 388 2494 scandalose
420 2429 547 2494 11111111
585 2430 632 2494 111
665 2429 821 2494 statutum
855 2429 1024 2496 salubriore
1058 2430 1089 2494 et
1119 2429 1271 2494 securiore
1293 2427 1384 2493 modo

144 2533 316 2599 executioni
338 2532 480 2600 mandari
502 2552 589 2615 posse
613 2532 745 2598 videtur.
1061 2601 1068 2614 ‚
1353 2526 1356 2530 ’

248 2637 412 2705 Caeterum
446 2639 535 2704 valde
569 2639 617 2702 est
651 2637 870 2721 exoptandum,
908 2639 944 2702 ut
980 2639 1075 2706 etiem
1110 2637 1148 2704 de
1181 2637 1383 2721 parochorum
1451 2683 1453 2688 -

143 2745 293 2812 11111111·
281 2765 350 2810 rone
378 2743 566 2808 accuratiore
595 2743 685 2807 modo
715 2742 889 2820 definiatur,
918 2743 1030 2826 qdod
1021 2764 1053 2808 111
1073 2743 1143 2829 jure
1169 2742 1312 2807 canonico
1335 2743 1382 2806 est

143 2849 300 2933 provisum
320 2848 358 2931 (c.
382 2847 411 2912 4.
434 2847 500 2930 (X)
523 2847 678 2932 111911).
729 2847 879 2930 Persaepe
913 2847 1081 2931 Episcopus
1115 2865 1230 2930 magna
1262 2847 1386 2910 aestuat

145 2952 269 3019 dubitat
237 2953 349 3029 aione,
371 2971 409 3014 111
432 2951 583 3034 parochus
607 2952 645 3016 ab
669 2971 728 3016 uno
751 2952 817 3018 loco
840 2951 879 3016 ad
903 2951 998 3016 alium
1020 2952 1235 3029 transferatur,
1258 2969 1314 3015 nec
1337 2969 1384 3028 ne,

146 3075 216 3120 curn
239 3055 347 3119 eadem
369 3061 477 3132 causa,
494 3075 585 3138 quarn
611 3055 851 3138 ipsedijudicot
875 3055 1092 3134 necessariam,
1115 3075 1133 3120 a
1155 3055 1310 3138 superiore
1329 3055 1384 3138 ju-

146 3161 213 3224 dice
234 3159 267 3224 in
289 3158 505 3242 appellationis
527 3159 679 3232 instantia
701 3159 802 3224 miuus
825 3178 939 3242 urgens
961 3159 1086 3242 agnosci
1106 3160 1212 3242 possit.

250 3261 340 3343 Quod
362 3281 432 3327 vero
455 3261 494 3326 ad
517 3262 646 3328 alteram
670 3261 864 3342 Quaestione
887 3264 1005 3344 partem
1028 3263 1159 3342 attinet,
1188 3263 1258 3328 illas
1280 3281 1386 3346 proce·

146 3369 239 3434 dendi
260 3369 392 3445 formas,
420 3386 497 3450 quoe
528 3367 568 3431 ad
594 3367 693 3450 ipsam
724 3367 769 3432 rei
798 3367 942 3432 naturam
966 3365 1066 3432 minus
1089 3369 1197 3433 stricte
1219 3367 1384 3450 pertinent,

145 3470 396 3538 intermittendae
420 3490 485 3536 esse
508 3490 626 3550 censeo,
648 3471 800 3554 principia
823 3473 928 3548 autem
942 3472 1161 3550 Decretalium,
1177 3472 1228 3555 jus
1249 3491 1304 3536 nec
1318 3491 1386 3538 non

147 3576 276 3642 Consilii
299 3575 383 3640 Trid.
409 3573 553 3638 abscissis
583 3574 809 3638 canonistarum
834 3577 866 3639 11
887 3575 1070 3658 legistarum
1093 3575 1312 3642 additamentis
1335 3595 1387 3640 ec·

145 3681 252 3748 curate
285 3699 352 3745 esse
386 3677 584 3746 observanda.
630 3679 681 3742 lta
714 3678 752 3742 ad
786 3697 981 3762 processuum
1017 3680 1108 3744 finem
1132 3681 1222 3764 longe
1249 3681 1386 3746 breviore

146 3788 283 3867 tempore
308 3783 459 3868 perveniri
480 3783 592 3865 potest,
626 3802 723 3866 neque
745 3784 792 3846 est
815 3783 1005 3863 timendum,
1039 3803 1077 3848 ne
1097 3785 1199 3868 justit'
1191 3804 1239 3849 rae
1262 3785 1386 3922 aliquod

145 3890 293 3954 damnum
316 3888 477 3970 inferatur.
616 3901 617 3904 ’

248 3993 394 4075 Quaestio
422 3991 479 4056 XI
482 3990 514 4058 V
559 3991 603 4054 Er
637 4009 697 4073 quo
720 3991 895 4075 Episcopali
928 4009 1054 4057 munere
1088 3992 1199 4077 fungor
1228 4013 1386 4076 nunquam

145 4095 222 4160 mihi
245 4095 413 4173 accidit,u
392 4095 482 4160 utri
505 4093 684 4160 ueneno
709 4095 841 4161 Trids.
869 4096 917 4160 14.
943 4114 971 4160 1.Ι
987 4097 1015 4162 1.
1032 4096 1069 4161 de
1085 4098 1141 4162 ref
1156 4097 1386 4179 suspensionem

145 4220 179 4264 en
201 4200 322 4266 inform.
345 4217 445 4266 conso.
469 4200 672 4266 decchnercm
721 4200 885 4265 Caeterum
909 4219 925 4264 e
947 4220 980 4264 re
996 4220 1061 4266 esse
1077 4205 1220 4284 puto,ut
1184 4202 1279 4266 111111
1294 4201 1386 4285 hujus

145 4305 269 4370 Decreti
292 4323 382 4370 sensu
405 4306 436 4368 et
467 4304 713 4389 applicationes
737 4303 814 4370 Sede
836 4302 945 4386 Apost.
969 4305 1126 4390 Episcopis
1155 4306 1398 4376 informationes.

89 4492 92 4496 .
144 4410 266 4476 dentur.
297 4409 453 4474 Romanae
476 4408 587 4474 Curiae
602 4408 753 4494 principia
776 4409 809 4472 et
830 4409 931 4491 pranis
961 4428 1058 4494 nuper
1079 4411 1112 4474 in
1133 4411 1227 4477 libro:
1255 4413 1386 4496 »Pugno

140 4515 221 4600 juris
245 4512 402 4578 Pontificii
424 4513 592 4579 statuentis
615 4515 829 4597 suspensiones
851 4512 1126 4596 extrajudioialiter
1141 4535 1242 4582 1111111
1263 4518 1388 4606 inform.

144 4639 243 4688 conso.
278 4617 309 4682 11
341 4616 463 4700 imperii
495 4617 619 4683 easdem
653 4620 804 4706 abrogare
837 4616 1003 4687 molientis.
1059 4619 1194 4684 Auctore
1229 4621 1394 4688 salvatore
