<?xml version="1.0" encoding="UTF-8"?>
<!DOCTYPE html PUBLIC "-//W3C//DTD XHTML 1.0 Transitional//EN"
    "http://www.w3.org/TR/xhtml1/DTD/xhtml1-transitional.dtd">
<html xmlns="http://www.w3.org/1999/xhtml" xml:lang="en" lang="en">
 <head>
  <title>
</title>
<meta http-equiv="Content-Type" content="text/html;charset=utf-8" />
  <meta name='ocr-system' content='tesseract 3.04.00' />
  <meta name='ocr-capabilities' content='ocr_page ocr_carea ocr_par ocr_line ocrx_word'/>
</head>
<body>
  <div class='ocr_page' id='page_1' title='image "./archivfrkatholi06jurigoog/archivfrkatholi06jurigoog_0481.png"; bbox 0 0 3160 5010; ppageno 0'>
   <div class='ocr_carea' id='block_1_1' title="bbox 387 303 1365 424">
    <p class='ocr_par' dir='ltr' id='par_1_1' title="bbox 387 303 1365 424">
     <span class='ocr_line' id='line_1_1' title="bbox 387 303 1365 424; baseline -0.001 -30"><span class='ocrx_word' id='word_1_1' title='bbox 387 321 534 424; x_wconf 81' lang='grc' dir='ltr'><strong>Ιἰιιιιοιιι</strong></span> <span class='ocrx_word' id='word_1_2' title='bbox 554 345 634 406; x_wconf 84' lang='lat' dir='ltr'><strong>princ.</strong></span> <span class='ocrx_word' id='word_1_3' title='bbox 654 355 693 406; x_wconf 85' lang='lat' dir='ltr'><strong>ep.</strong></span> <span class='ocrx_word' id='word_1_4' title='bbox 713 325 929 398; x_wconf 77' lang='lat' dir='ltr'><strong>Wratislaviensls</strong></span> <span class='ocrx_word' id='word_1_5' title='bbox 948 343 986 404; x_wconf 81' lang='lat' dir='ltr'><strong>(a.</strong></span> <span class='ocrx_word' id='word_1_6' title='bbox 1009 323 1096 408; x_wconf 72' lang='lat' dir='ltr'><strong>idib.)</strong></span> <span class='ocrx_word' id='word_1_7' title='bbox 1303 303 1365 387; x_wconf 74' lang='lat'><strong>467</strong></span> 
     </span>
    </p>
   </div>
   <div class='ocr_carea' id='block_1_2' title="bbox 55 509 1372 4668">
    <p class='ocr_par' dir='ltr' id='par_1_2' title="bbox 55 509 1368 1848">
     <span class='ocr_line' id='line_1_2' title="bbox 125 509 1366 594; baseline 0.002 -20"><span class='ocrx_word' id='word_1_8' title='bbox 125 529 184 594; x_wconf 90' lang='lat' dir='ltr'><strong>que</strong></span> <span class='ocrx_word' id='word_1_9' title='bbox 210 509 310 576; x_wconf 81' lang='lat' dir='ltr'><strong>officia</strong></span> <span class='ocrx_word' id='word_1_10' title='bbox 338 509 417 576; x_wconf 89' lang='lat' dir='ltr'><strong>inter</strong></span> <span class='ocrx_word' id='word_1_11' title='bbox 444 511 587 578; x_wconf 87' lang='lat' dir='ltr'><strong>Dominos</strong></span> <span class='ocrx_word' id='word_1_12' title='bbox 621 514 652 578; x_wconf 89' lang='grc' dir='ltr'><strong>ιι</strong></span> <span class='ocrx_word' id='word_1_13' title='bbox 676 513 808 578; x_wconf 82' lang='lat' dir='ltr'><strong>famulos</strong></span> <span class='ocrx_word' id='word_1_14' title='bbox 836 513 946 577; x_wconf 90' lang='lat' dir='ltr'><strong>mutua</strong></span> <span class='ocrx_word' id='word_1_15' title='bbox 979 511 1215 577; x_wconf 71' lang='lat' dir='ltr'><strong>detrimentum</strong></span> <span class='ocrx_word' id='word_1_16' title='bbox 1232 509 1366 594; x_wconf 90' lang='lat' dir='ltr'><strong>capiant,</strong></span> 
     </span>
     <span class='ocr_line' id='line_1_3' title="bbox 130 607 1368 701; baseline 0 -21"><span class='ocrx_word' id='word_1_17' title='bbox 130 615 236 680; x_wconf 85' lang='lat' dir='ltr'><strong>stricto</strong></span> <span class='ocrx_word' id='word_1_18' title='bbox 260 616 291 679; x_wconf 86' lang='lat' dir='ltr'><strong>at</strong></span> <span class='ocrx_word' id='word_1_19' title='bbox 314 613 454 680; x_wconf 88' lang='lat' dir='ltr'><strong>absolute</strong></span> <span class='ocrx_word' id='word_1_20' title='bbox 477 616 702 700; x_wconf 88' lang='lat' dir='ltr'><strong>repristinetur.</strong></span> <span class='ocrx_word' id='word_1_21' title='bbox 749 615 809 682; x_wconf 84' lang='lat' dir='ltr'><strong>Sed</strong></span> <span class='ocrx_word' id='word_1_22' title='bbox 825 607 941 701; x_wconf 86' lang='lat' dir='ltr'><strong>singuli</strong></span> <span class='ocrx_word' id='word_1_23' title='bbox 964 635 1053 682; x_wconf 90' lang='lat' dir='ltr'><strong>casus</strong></span> <span class='ocrx_word' id='word_1_24' title='bbox 1069 619 1141 680; x_wconf 89' lang='lat' dir='ltr'><strong>sunt</strong></span> <span class='ocrx_word' id='word_1_25' title='bbox 1156 615 1368 681; x_wconf 90' lang='lat' dir='ltr'><strong>considerandi</strong></span> 
     </span>
     <span class='ocr_line' id='line_1_4' title="bbox 126 719 1366 806; baseline 0.002 -24"><span class='ocrx_word' id='word_1_26' title='bbox 126 719 315 802; x_wconf 81' lang='lat' dir='ltr'>singulisque</span> <span class='ocrx_word' id='word_1_27' title='bbox 351 720 441 784; x_wconf 89' lang='lat' dir='ltr'><strong>malis</strong></span> <span class='ocrx_word' id='word_1_28' title='bbox 474 721 521 785; x_wconf 89' lang='lat' dir='ltr'><strong>est</strong></span> <span class='ocrx_word' id='word_1_29' title='bbox 543 738 597 804; x_wconf 92' lang='lat' dir='ltr'><strong>pro</strong></span> <span class='ocrx_word' id='word_1_30' title='bbox 621 722 772 806; x_wconf 77' lang='lat' dir='ltr'><strong>qualitate</strong></span> <span class='ocrx_word' id='word_1_31' title='bbox 795 720 1099 786; x_wconf 73' lang='lat' dir='ltr'><strong>circumstantiarum</strong></span> <span class='ocrx_word' id='word_1_32' title='bbox 1130 721 1162 784; x_wconf 89' lang='lat' dir='ltr'><strong>in</strong></span> <span class='ocrx_word' id='word_1_33' title='bbox 1197 721 1261 788; x_wconf 91' lang='lat' dir='ltr'><strong>foro</strong></span> <span class='ocrx_word' id='word_1_34' title='bbox 1294 740 1366 786; x_wconf 86' lang='lat' dir='ltr'><strong>cen·</strong></span> 
     </span>
     <span class='ocr_line' id='line_1_5' title="bbox 113 823 1366 910; baseline 0.002 -22"><span class='ocrx_word' id='word_1_35' title='bbox 113 823 271 904; x_wconf 73' lang='lat' dir='ltr'><strong>&#39;scientiae</strong></span> <span class='ocrx_word' id='word_1_36' title='bbox 296 823 482 888; x_wconf 85' lang='lat' dir='ltr'><strong>offerendum</strong></span> <span class='ocrx_word' id='word_1_37' title='bbox 506 825 675 890; x_wconf 90' lang='lat' dir='ltr'><strong>remedium</strong></span> <span class='ocrx_word' id='word_1_38' title='bbox 699 825 915 910; x_wconf 89' lang='lat' dir='ltr'><strong>adaequatum.</strong></span> <span class='ocrx_word' id='word_1_39' title='bbox 970 823 1086 905; x_wconf 81' lang='lat' dir='ltr'><strong>Quodsi</strong></span> <span class='ocrx_word' id='word_1_40' title='bbox 1108 826 1244 906; x_wconf 87' lang='lat' dir='ltr'><strong>personis</strong></span> <span class='ocrx_word' id='word_1_41' title='bbox 1260 825 1366 890; x_wconf 88' lang='lat' dir='ltr'><strong>cathu-</strong></span> 
     </span>
     <span class='ocr_line' id='line_1_6' title="bbox 124 919 1365 1015; baseline 0.002 -24"><span class='ocrx_word' id='word_1_42' title='bbox 124 927 195 993; x_wconf 89' lang='lat' dir='ltr'><strong>licis</strong></span> <span class='ocrx_word' id='word_1_43' title='bbox 231 928 384 993; x_wconf 84' lang='lat' dir='ltr'><strong>famulatu</strong></span> <span class='ocrx_word' id='word_1_44' title='bbox 417 923 601 1014; x_wconf 87' lang='lat' dir='ltr'><strong>mancipatis</strong></span> <span class='ocrx_word' id='word_1_45' title='bbox 635 919 806 1015; x_wconf 87' lang='lat' dir='ltr'><strong>denegatur</strong></span> <span class='ocrx_word' id='word_1_46' title='bbox 839 947 963 1014; x_wconf 86' lang='lat' dir='ltr'><strong>prorsus</strong></span> <span class='ocrx_word' id='word_1_47' title='bbox 1003 929 1136 994; x_wconf 84' lang='lat' dir='ltr'><strong>facultas</strong></span> <span class='ocrx_word' id='word_1_48' title='bbox 1176 929 1365 1014; x_wconf 88' lang='lat' dir='ltr'><strong>adimplendi</strong></span> 
     </span>
     <span class='ocr_line' id='line_1_7' title="bbox 125 1033 1365 1122; baseline 0.002 -26"><span class='ocrx_word' id='word_1_49' title='bbox 125 1035 289 1116; x_wconf 88' lang='lat' dir='ltr'><strong>praecepta</strong></span> <span class='ocrx_word' id='word_1_50' title='bbox 313 1033 371 1097; x_wconf 84' lang='lat' dir='ltr'><strong>Dei</strong></span> <span class='ocrx_word' id='word_1_51' title='bbox 395 1036 426 1098; x_wconf 89' lang='lat' dir='ltr'><strong>et</strong></span> <span class='ocrx_word' id='word_1_52' title='bbox 448 1034 616 1115; x_wconf 77' lang='lat' dir='ltr'><strong>Ecclesiae,</strong></span> <span class='ocrx_word' id='word_1_53' title='bbox 641 1035 786 1100; x_wconf 90' lang='lat' dir='ltr'><strong>audiendi</strong></span> <span class='ocrx_word' id='word_1_54' title='bbox 798 1035 938 1114; x_wconf 88' lang='lat' dir='ltr'><strong>Missam,</strong></span> <span class='ocrx_word' id='word_1_55' title='bbox 962 1033 1138 1100; x_wconf 89' lang='lat' dir='ltr'><strong>abstinendi</strong></span> <span class='ocrx_word' id='word_1_56' title='bbox 1155 1035 1199 1122; x_wconf 86' lang='lat' dir='ltr'><strong>ab</strong></span> <span class='ocrx_word' id='word_1_57' title='bbox 1223 1033 1365 1118; x_wconf 86' lang='lat' dir='ltr'><strong>operibus</strong></span> 
     </span>
     <span class='ocr_line' id='line_1_8' title="bbox 126 1137 1365 1224; baseline 0.002 -22"><span class='ocrx_word' id='word_1_58' title='bbox 126 1137 304 1214; x_wconf 84' lang='lat' dir='ltr'><strong>servilibus,</strong></span> <span class='ocrx_word' id='word_1_59' title='bbox 344 1140 477 1204; x_wconf 89' lang='lat' dir='ltr'><strong>adeundi</strong></span> <span class='ocrx_word' id='word_1_60' title='bbox 520 1140 720 1206; x_wconf 84' lang='lat' dir='ltr'><strong>Sacramenta</strong></span> <span class='ocrx_word' id='word_1_61' title='bbox 754 1143 831 1219; x_wconf 57' lang='lat' dir='ltr'><strong>etei</strong></span> <span class='ocrx_word' id='word_1_62' title='bbox 866 1159 901 1206; x_wconf 89' lang='lat' dir='ltr'><strong>ac</strong></span> <span class='ocrx_word' id='word_1_63' title='bbox 935 1140 961 1204; x_wconf 91' lang='grc' dir='ltr'><strong>ιι</strong></span> <span class='ocrx_word' id='word_1_64' title='bbox 996 1139 1121 1205; x_wconf 89' lang='lat' dir='ltr'><strong>eaedem</strong></span> <span class='ocrx_word' id='word_1_65' title='bbox 1154 1159 1300 1224; x_wconf 86' lang='lat' dir='ltr'><strong>personae</strong></span> <span class='ocrx_word' id='word_1_66' title='bbox 1333 1141 1365 1205; x_wconf 91' lang='lat' dir='ltr'><strong>in</strong></span> 
     </span>
     <span class='ocr_line' id='line_1_9' title="bbox 127 1243 1362 1328; baseline 0.003 -22"><span class='ocrx_word' id='word_1_67' title='bbox 127 1243 264 1326; x_wconf 86' lang='lat' dir='ltr'><strong>proxima</strong></span> <span class='ocrx_word' id='word_1_68' title='bbox 287 1243 433 1326; x_wconf 89' lang='lat' dir='ltr'><strong>peccandi</strong></span> <span class='ocrx_word' id='word_1_69' title='bbox 455 1245 611 1310; x_wconf 87' lang='lat' dir='ltr'><strong>occasione</strong></span> <span class='ocrx_word' id='word_1_70' title='bbox 636 1247 759 1311; x_wconf 85' lang='lat' dir='ltr'><strong>versant</strong></span> <span class='ocrx_word' id='word_1_71' title='bbox 760 1265 806 1324; x_wconf 91' lang='lat' dir='ltr'><strong>ur,</strong></span> <span class='ocrx_word' id='word_1_72' title='bbox 837 1245 924 1328; x_wconf 90' lang='lat' dir='ltr'><strong>ipsae</strong></span> <span class='ocrx_word' id='word_1_73' title='bbox 952 1243 1048 1310; x_wconf 89' lang='lat' dir='ltr'><strong>dilata</strong></span> <span class='ocrx_word' id='word_1_74' title='bbox 1082 1243 1213 1312; x_wconf 88' lang='lat' dir='ltr'><strong>absolut</strong></span> <span class='ocrx_word' id='word_1_75' title='bbox 1205 1263 1274 1310; x_wconf 90' lang='lat' dir='ltr'><strong>rone</strong></span> <span class='ocrx_word' id='word_1_76' title='bbox 1306 1246 1362 1310; x_wconf 93' lang='lat' dir='ltr'><strong>im-</strong></span> 
     </span>
     <span class='ocr_line' id='line_1_10' title="bbox 127 1346 1364 1434; baseline 0.001 -23"><span class='ocrx_word' id='word_1_77' title='bbox 127 1346 284 1430; x_wconf 83' lang='lat' dir='ltr'><strong>pellendae</strong></span> <span class='ocrx_word' id='word_1_78' title='bbox 307 1349 395 1426; x_wconf 89' lang='lat' dir='ltr'><strong>sunt,</strong></span> <span class='ocrx_word' id='word_1_79' title='bbox 428 1349 463 1412; x_wconf 92' lang='lat' dir='ltr'><strong>ut</strong></span> <span class='ocrx_word' id='word_1_80' title='bbox 494 1349 683 1434; x_wconf 85' lang='lat' dir='ltr'><strong>quantocyus</strong></span> <span class='ocrx_word' id='word_1_81' title='bbox 717 1349 903 1414; x_wconf 87' lang='lat' dir='ltr'><strong>famulatum</strong></span> <span class='ocrx_word' id='word_1_82' title='bbox 934 1347 1041 1412; x_wconf 89' lang='lat' dir='ltr'><strong>dimitt</strong></span> <span class='ocrx_word' id='word_1_83' title='bbox 1012 1349 1096 1414; x_wconf 87' lang='lat' dir='ltr'><strong>ttant</strong></span> <span class='ocrx_word' id='word_1_84' title='bbox 1119 1347 1266 1414; x_wconf 85' lang='grc' dir='ltr'>ιιιιιιιι</span> <span class='ocrx_word' id='word_1_85' title='bbox 1290 1365 1364 1413; x_wconf 87' lang='grc' dir='ltr'>ιιι-</span> 
     </span>
     <span class='ocr_line' id='line_1_11' title="bbox 55 1451 1367 1537; baseline 0.002 -22"><span class='ocrx_word' id='word_1_86' title='bbox 55 1460 57 1464; x_wconf 77' lang='grc'><em>·</em></span> <span class='ocrx_word' id='word_1_87' title='bbox 127 1451 279 1534; x_wconf 91' lang='lat' dir='ltr'><strong>quirendi,</strong></span> <span class='ocrx_word' id='word_1_88' title='bbox 314 1471 391 1534; x_wconf 90' lang='lat' dir='ltr'><strong>quae</strong></span> <span class='ocrx_word' id='word_1_89' title='bbox 427 1451 524 1517; x_wconf 87' lang='lat' dir='ltr'><strong>victui</strong></span> <span class='ocrx_word' id='word_1_90' title='bbox 558 1455 631 1518; x_wconf 90' lang='lat' dir='ltr'><strong>sunt</strong></span> <span class='ocrx_word' id='word_1_91' title='bbox 665 1453 847 1532; x_wconf 86' lang='lat' dir='ltr'><strong>neccssaria,</strong></span> <span class='ocrx_word' id='word_1_92' title='bbox 871 1453 953 1518; x_wconf 86' lang='lat' dir='ltr'><strong>uiam</strong></span> <span class='ocrx_word' id='word_1_93' title='bbox 975 1453 1098 1537; x_wconf 86' lang='lat' dir='ltr'><strong>ingredi</strong></span> <span class='ocrx_word' id='word_1_94' title='bbox 1120 1453 1277 1518; x_wconf 81' lang='lat' dir='ltr'><strong>festinent</strong></span> <span class='ocrx_word' id='word_1_95' title='bbox 1322 1452 1367 1518; x_wconf 81' lang='lat' dir='ltr'><strong>At</strong></span> 
     </span>
     <span class='ocr_line' id='line_1_12' title="bbox 127 1557 1366 1643; baseline 0.002 -24"><span class='ocrx_word' id='word_1_96' title='bbox 127 1577 185 1620; x_wconf 88' lang='lat' dir='ltr'><strong>nen</strong></span> <span class='ocrx_word' id='word_1_97' title='bbox 209 1557 302 1620; x_wconf 90' lang='lat' dir='ltr'><strong>semel</strong></span> <span class='ocrx_word' id='word_1_98' title='bbox 333 1557 426 1621; x_wconf 90' lang='lat' dir='ltr'><strong>etiam</strong></span> <span class='ocrx_word' id='word_1_99' title='bbox 460 1559 578 1636; x_wconf 88' lang='lat' dir='ltr'><strong>evenit,</strong></span> <span class='ocrx_word' id='word_1_100' title='bbox 609 1559 645 1624; x_wconf 91' lang='lat' dir='ltr'><strong>ut</strong></span> <span class='ocrx_word' id='word_1_101' title='bbox 676 1559 791 1624; x_wconf 91' lang='lat' dir='ltr'><strong>domini</strong></span> <span class='ocrx_word' id='word_1_102' title='bbox 819 1560 884 1624; x_wconf 88' lang='lat' dir='ltr'><strong>tam</strong></span> <span class='ocrx_word' id='word_1_103' title='bbox 907 1561 1116 1642; x_wconf 83' lang='lat' dir='ltr'><strong>protestantes</strong></span> <span class='ocrx_word' id='word_1_104' title='bbox 1138 1579 1230 1643; x_wconf 89' lang='lat' dir='ltr'><strong>quam</strong></span> <span class='ocrx_word' id='word_1_105' title='bbox 1253 1557 1366 1624; x_wconf 66' lang='lat' dir='ltr'><strong>,Iudaei</strong></span> 
     </span>
     <span class='ocr_line' id='line_1_13' title="bbox 128 1661 1365 1748; baseline 0.002 -24"><span class='ocrx_word' id='word_1_106' title='bbox 128 1661 250 1724; x_wconf 83' lang='lat' dir='ltr'><strong>famulis</strong></span> <span class='ocrx_word' id='word_1_107' title='bbox 284 1661 486 1726; x_wconf 87' lang='lat' dir='ltr'><strong>catholicis</strong></span> <span class='ocrx_word' id='word_1_108' title='bbox 478 1684 509 1726; x_wconf 90' lang='grc' dir='ltr'><strong>ιι</strong></span> <span class='ocrx_word' id='word_1_109' title='bbox 543 1663 761 1730; x_wconf 85' lang='lat' dir='ltr'><strong>satisfaciendo</strong></span> <span class='ocrx_word' id='word_1_110' title='bbox 795 1664 905 1730; x_wconf 78' lang='lat' dir='ltr'><strong>officiis</strong></span> <span class='ocrx_word' id='word_1_111' title='bbox 943 1661 1097 1748; x_wconf 81' lang='lat' dir='ltr'><strong>religiosis</strong></span> <span class='ocrx_word' id='word_1_112' title='bbox 1120 1663 1167 1728; x_wconf 81' lang='lat' dir='ltr'><strong>&#39;ne</strong></span> <span class='ocrx_word' id='word_1_113' title='bbox 1204 1663 1365 1728; x_wconf 89' lang='lat' dir='ltr'><strong>minimum</strong></span> 
     </span>
     <span class='ocr_line' id='line_1_14' title="bbox 126 1759 655 1848; baseline 0.008 -20"><span class='ocrx_word' id='word_1_114' title='bbox 126 1765 250 1848; x_wconf 88' lang='lat' dir='ltr'><strong>quidem</strong></span> <span class='ocrx_word' id='word_1_115' title='bbox 274 1759 426 1830; x_wconf 85' lang='lat' dir='ltr'><strong>facessant</strong></span> <span class='ocrx_word' id='word_1_116' title='bbox 451 1767 655 1832; x_wconf 89' lang='lat' dir='ltr'><strong>obstaculum.</strong></span> 
     </span>
    </p>

    <p class='ocr_par' dir='ltr' id='par_1_3' title="bbox 88 1819 1372 3519">
     <span class='ocr_line' id='line_1_15' title="bbox 229 1819 1372 1956; baseline 0.002 -20"><span class='ocrx_word' id='word_1_117' title='bbox 229 1871 285 1936; x_wconf 84' lang='lat' dir='ltr'><strong>Ad</strong></span> <span class='ocrx_word' id='word_1_118' title='bbox 311 1869 424 1936; x_wconf 87' lang='lat' dir='ltr'><strong><em>XVII.</em></strong></span> <span class='ocrx_word' id='word_1_119' title='bbox 472 1869 597 1936; x_wconf 83' lang='lat' dir='ltr'><strong>Ooemet</strong></span> <span class='ocrx_word' id='word_1_120' title='bbox 584 1871 663 1937; x_wconf 89' lang='lat' dir='ltr'><strong>teria</strong></span> <span class='ocrx_word' id='word_1_121' title='bbox 686 1873 766 1956; x_wconf 92' lang='lat' dir='ltr'><strong>quod</strong></span> <span class='ocrx_word' id='word_1_122' title='bbox 790 1873 914 1950; x_wconf 85' lang='lat' dir='ltr'><strong>attinet,</strong></span> <span class='ocrx_word' id='word_1_123' title='bbox 945 1871 1046 1936; x_wconf 88' lang='lat' dir='ltr'><strong>multa</strong></span> <span class='ocrx_word' id='word_1_124' title='bbox 1078 1871 1152 1935; x_wconf 89' lang='lat' dir='ltr'><strong>sunt</strong></span> <span class='ocrx_word' id='word_1_125' title='bbox 1185 1870 1222 1935; x_wconf 90' lang='lat' dir='ltr'><strong>de</strong></span> <span class='ocrx_word' id='word_1_126' title='bbox 1256 1819 1372 1954; x_wconf 85' lang='lat' dir='ltr'><strong>quibus</strong></span> 
     </span>
     <span class='ocr_line' id='line_1_16' title="bbox 127 1974 1367 2060; baseline 0.003 -24.056"><span class='ocrx_word' id='word_1_127' title='bbox 127 1975 270 2056; x_wconf 81' lang='lat' dir='ltr'><strong>nrrrquori</strong></span> <span class='ocrx_word' id='word_1_128' title='bbox 293 1975 415 2056; x_wconf 89' lang='lat' dir='ltr'><strong>possim.</strong></span> <span class='ocrx_word' id='word_1_129' title='bbox 460 1975 530 2038; x_wconf 82' lang='lat' dir='ltr'><strong>uui</strong></span> <span class='ocrx_word' id='word_1_130' title='bbox 551 1975 600 2040; x_wconf 92' lang='grc' dir='ltr'><strong>ιιι</strong></span> <span class='ocrx_word' id='word_1_131' title='bbox 624 1977 721 2041; x_wconf 89' lang='lat' dir='ltr'><strong>civilis</strong></span> <span class='ocrx_word' id='word_1_132' title='bbox 737 1975 931 2060; x_wconf 87' lang='lat' dir='ltr'><strong>principium,</strong></span> <span class='ocrx_word' id='word_1_133' title='bbox 947 1974 1027 2058; x_wconf 92' lang='lat' dir='ltr'><strong>quod</strong></span> <span class='ocrx_word' id='word_1_134' title='bbox 1044 1993 1133 2039; x_wconf 90' lang='lat' dir='ltr'><strong>omne</strong></span> <span class='ocrx_word' id='word_1_135' title='bbox 1149 1975 1367 2041; x_wconf 83' lang='lat' dir='ltr'><strong>coemeterium</strong></span> 
     </span>
     <span class='ocr_line' id='line_1_17' title="bbox 88 2075 1366 2165; baseline 0.002 -25"><span class='ocrx_word' id='word_1_136' title='bbox 88 2075 91 2080; x_wconf 81' lang='lat'>&#39;</span> <span class='ocrx_word' id='word_1_137' title='bbox 129 2081 163 2142; x_wconf 90' lang='grc' dir='ltr'><strong>ιιι</strong></span> <span class='ocrx_word' id='word_1_138' title='bbox 187 2078 355 2142; x_wconf 90' lang='lat' dir='ltr'><strong>dominium</strong></span> <span class='ocrx_word' id='word_1_139' title='bbox 381 2078 553 2143; x_wconf 90' lang='lat' dir='ltr'><strong>ecclesiast</strong></span> <span class='ocrx_word' id='word_1_140' title='bbox 529 2082 626 2144; x_wconf 90' lang='lat' dir='ltr'><strong>trcunr</strong></span> <span class='ocrx_word' id='word_1_141' title='bbox 651 2081 693 2145; x_wconf 91' lang='lat' dir='ltr'><strong>sit</strong></span> <span class='ocrx_word' id='word_1_142' title='bbox 716 2079 943 2165; x_wconf 88' lang='lat' dir='ltr'><strong>agnoscendum</strong></span> <span class='ocrx_word' id='word_1_143' title='bbox 967 2079 998 2142; x_wconf 90' lang='lat' dir='ltr'><strong>et</strong></span> <span class='ocrx_word' id='word_1_144' title='bbox 1028 2079 1278 2158; x_wconf 88' lang='lat' dir='ltr'><strong>conservandum,</strong></span> <span class='ocrx_word' id='word_1_145' title='bbox 1309 2099 1366 2144; x_wconf 92' lang='lat' dir='ltr'><strong>non</strong></span> 
     </span>
     <span class='ocr_line' id='line_1_18' title="bbox 127 2181 1367 2265; baseline 0.001 -19"><span class='ocrx_word' id='word_1_146' title='bbox 127 2185 282 2265; x_wconf 87' lang='lat' dir='ltr'><strong>negate</strong></span> <span class='ocrx_word' id='word_1_147' title='bbox 267 2182 324 2248; x_wconf 91' lang='lat' dir='ltr'><strong>etsi</strong></span> <span class='ocrx_word' id='word_1_148' title='bbox 348 2183 455 2247; x_wconf 89' lang='lat' dir='ltr'><strong>eadem</strong></span> <span class='ocrx_word' id='word_1_149' title='bbox 477 2183 526 2246; x_wconf 87' lang='grc' dir='ltr'><strong>ιιι</strong></span> <span class='ocrx_word' id='word_1_150' title='bbox 541 2185 615 2248; x_wconf 88' lang='grc' dir='ltr'>ιιιιι</span> <span class='ocrx_word' id='word_1_151' title='bbox 617 2185 769 2250; x_wconf 89' lang='lat' dir='ltr'><strong>tutionem</strong></span> <span class='ocrx_word' id='word_1_152' title='bbox 793 2185 825 2248; x_wconf 89' lang='lat' dir='ltr'><strong>et</strong></span> <span class='ocrx_word' id='word_1_153' title='bbox 841 2181 1102 2248; x_wconf 86' lang='lat' dir='ltr'><strong>conservationem</strong></span> <span class='ocrx_word' id='word_1_154' title='bbox 1117 2184 1367 2248; x_wconf 87' lang='lat' dir='ltr'><strong>coemeteriomm</strong></span> 
     </span>
     <span class='ocr_line' id='line_1_19' title="bbox 127 2286 1367 2374; baseline 0 -24"><span class='ocrx_word' id='word_1_155' title='bbox 127 2287 254 2350; x_wconf 89' lang='lat' dir='ltr'><strong>sirnulta</strong></span> <span class='ocrx_word' id='word_1_156' title='bbox 244 2305 384 2352; x_wconf 82' lang='lat' dir='ltr'><strong>ursorum</strong></span> <span class='ocrx_word' id='word_1_157' title='bbox 407 2288 619 2372; x_wconf 90' lang='lat' dir='ltr'><strong>principaliter</strong></span> <span class='ocrx_word' id='word_1_158' title='bbox 641 2289 753 2374; x_wconf 84' lang='lat' dir='ltr'><strong>rejicit,</strong></span> <span class='ocrx_word' id='word_1_159' title='bbox 777 2290 883 2352; x_wconf 85' lang='lat' dir='ltr'><strong>tamen</strong></span> <span class='ocrx_word' id='word_1_160' title='bbox 904 2286 963 2352; x_wconf 82' lang='lat' dir='ltr'><strong>riri</strong></span> <span class='ocrx_word' id='word_1_161' title='bbox 986 2305 1050 2351; x_wconf 90' lang='lat' dir='ltr'><strong>rem</strong></span> <span class='ocrx_word' id='word_1_162' title='bbox 1073 2287 1229 2370; x_wconf 91' lang='lat' dir='ltr'><strong>publicam</strong></span> <span class='ocrx_word' id='word_1_163' title='bbox 1253 2287 1367 2370; x_wconf 90' lang='lat' dir='ltr'><strong>guber·</strong></span> 
     </span>
     <span class='ocr_line' id='line_1_20' title="bbox 129 2390 1368 2477; baseline -0.001 -22"><span class='ocrx_word' id='word_1_164' title='bbox 129 2391 239 2456; x_wconf 90' lang='lat' dir='ltr'><strong>nantes</strong></span> <span class='ocrx_word' id='word_1_165' title='bbox 263 2411 321 2456; x_wconf 88' lang='lat' dir='ltr'><strong>non</strong></span> <span class='ocrx_word' id='word_1_166' title='bbox 345 2391 541 2476; x_wconf 79' lang='lat' dir='ltr'><strong>desurrt,&#39;.qui</strong></span> <span class='ocrx_word' id='word_1_167' title='bbox 565 2393 690 2458; x_wconf 89' lang='lat' dir='ltr'><strong>modum</strong></span> <span class='ocrx_word' id='word_1_168' title='bbox 714 2393 826 2477; x_wconf 78' lang='lat' dir='ltr'><strong>agendi</strong></span> <span class='ocrx_word' id='word_1_169' title='bbox 849 2412 883 2456; x_wconf 89' lang='lat' dir='ltr'><strong>err</strong></span> <span class='ocrx_word' id='word_1_170' title='bbox 908 2391 1075 2456; x_wconf 87' lang='lat' dir='ltr'><strong>assertione</strong></span> <span class='ocrx_word' id='word_1_171' title='bbox 1090 2409 1185 2473; x_wconf 87' lang='lat' dir='ltr'><strong>prava</strong></span> <span class='ocrx_word' id='word_1_172' title='bbox 1204 2390 1368 2467; x_wconf 88' lang='lat' dir='ltr'><strong>deducant,</strong></span> 
     </span>
     <span class='ocr_line' id='line_1_21' title="bbox 127 2495 1369 2580; baseline 0 -22"><span class='ocrx_word' id='word_1_173' title='bbox 127 2497 207 2580; x_wconf 89' lang='lat' dir='ltr'><strong>quod</strong></span> <span class='ocrx_word' id='word_1_174' title='bbox 232 2495 414 2560; x_wconf 88' lang='lat' dir='ltr'><strong>coemeteria</strong></span> <span class='ocrx_word' id='word_1_175' title='bbox 439 2515 498 2560; x_wconf 90' lang='lat' dir='ltr'><strong>non</strong></span> <span class='ocrx_word' id='word_1_176' title='bbox 520 2499 584 2560; x_wconf 88' lang='lat' dir='ltr'><strong>sint</strong></span> <span class='ocrx_word' id='word_1_177' title='bbox 607 2517 695 2562; x_wconf 90' lang='lat' dir='ltr'><strong>sacra</strong></span> <span class='ocrx_word' id='word_1_178' title='bbox 717 2497 793 2573; x_wconf 88' lang='lat' dir='ltr'><strong>loca,</strong></span> <span class='ocrx_word' id='word_1_179' title='bbox 816 2513 893 2579; x_wconf 90' lang='lat' dir='ltr'><strong>quae</strong></span> <span class='ocrx_word' id='word_1_180' title='bbox 916 2495 972 2559; x_wconf 91' lang='lat' dir='ltr'><strong>sub</strong></span> <span class='ocrx_word' id='word_1_181' title='bbox 998 2495 1238 2559; x_wconf 86' lang='lat' dir='ltr'><strong>ecclesiasticam</strong></span> <span class='ocrx_word' id='word_1_182' title='bbox 1256 2495 1369 2559; x_wconf 90' lang='lat' dir='ltr'><strong>cadant</strong></span> 
     </span>
     <span class='ocr_line' id='line_1_22' title="bbox 126 2598 1366 2685; baseline -0.002 -22"><span class='ocrx_word' id='word_1_183' title='bbox 126 2599 443 2678; x_wconf 79' lang='lat' dir='ltr'><strong>administrationem,</strong></span> <span class='ocrx_word' id='word_1_184' title='bbox 467 2601 530 2673; x_wconf 86' lang='lat' dir='ltr'><strong>imo</strong></span> <span class='ocrx_word' id='word_1_185' title='bbox 561 2602 600 2665; x_wconf 90' lang='lat' dir='ltr'><strong>ad</strong></span> <span class='ocrx_word' id='word_1_186' title='bbox 628 2601 729 2685; x_wconf 88' lang='lat' dir='ltr'><strong>ipsum</strong></span> <span class='ocrx_word' id='word_1_187' title='bbox 759 2619 919 2664; x_wconf 87' lang='lat' dir='ltr'><strong>commune</strong></span> <span class='ocrx_word' id='word_1_188' title='bbox 942 2599 1118 2682; x_wconf 89' lang='lat' dir='ltr'><strong>pertineant</strong></span> <span class='ocrx_word' id='word_1_189' title='bbox 1139 2601 1170 2663; x_wconf 89' lang='lat' dir='ltr'><strong>et</strong></span> <span class='ocrx_word' id='word_1_190' title='bbox 1193 2599 1249 2662; x_wconf 89' lang='lat' dir='ltr'><strong>sub</strong></span> <span class='ocrx_word' id='word_1_191' title='bbox 1269 2598 1366 2681; x_wconf 79' lang='lat' dir='ltr'><strong>junis-</strong></span> 
     </span>
     <span class='ocr_line' id='line_1_23' title="bbox 127 2693 1368 2788; baseline -0.002 -20"><span class='ocrx_word' id='word_1_192' title='bbox 127 2705 260 2768; x_wconf 89' lang='lat' dir='ltr'><strong>dictione</strong></span> <span class='ocrx_word' id='word_1_193' title='bbox 283 2704 436 2769; x_wconf 87' lang='lat' dir='ltr'><strong>saeculari</strong></span> <span class='ocrx_word' id='word_1_194' title='bbox 458 2705 623 2788; x_wconf 88' lang='lat' dir='ltr'><strong>subjuncta</strong></span> <span class='ocrx_word' id='word_1_195' title='bbox 645 2706 717 2770; x_wconf 86' lang='lat' dir='ltr'><strong>sint.</strong></span> <span class='ocrx_word' id='word_1_196' title='bbox 762 2693 864 2787; x_wconf 76' lang='lat' dir='ltr'><strong>lgitu&#39;r</strong></span> <span class='ocrx_word' id='word_1_197' title='bbox 887 2704 1043 2767; x_wconf 89' lang='lat' dir='ltr'><strong>curatores</strong></span> <span class='ocrx_word' id='word_1_198' title='bbox 1056 2701 1227 2766; x_wconf 88' lang='lat' dir='ltr'><strong>animarum</strong></span> <span class='ocrx_word' id='word_1_199' title='bbox 1246 2703 1368 2766; x_wconf 88' lang='lat' dir='ltr'><strong>iteratis</strong></span> 
     </span>
     <span class='ocr_line' id='line_1_24' title="bbox 126 2806 1369 2892; baseline -0.002 -18"><span class='ocrx_word' id='word_1_200' title='bbox 126 2809 244 2874; x_wconf 83' lang='lat' dir='ltr'><strong>uicibus</strong></span> <span class='ocrx_word' id='word_1_201' title='bbox 268 2809 429 2887; x_wconf 90' lang='lat' dir='ltr'><strong>admonui,</strong></span> <span class='ocrx_word' id='word_1_202' title='bbox 461 2811 496 2874; x_wconf 90' lang='grc' dir='ltr'><strong>ιιι</strong></span> <span class='ocrx_word' id='word_1_203' title='bbox 527 2813 611 2874; x_wconf 80' lang='lat' dir='ltr'><strong>enixe</strong></span> <span class='ocrx_word' id='word_1_204' title='bbox 642 2808 855 2892; x_wconf 84' lang='lat' dir='ltr'><strong>praecaveant,</strong></span> <span class='ocrx_word' id='word_1_205' title='bbox 886 2826 923 2870; x_wconf 88' lang='lat' dir='ltr'><strong>uc</strong></span> <span class='ocrx_word' id='word_1_206' title='bbox 946 2807 1136 2889; x_wconf 84' lang='lat' dir='ltr'><strong>praescripta</strong></span> <span class='ocrx_word' id='word_1_207' title='bbox 1159 2806 1369 2871; x_wconf 87' lang='lat' dir='ltr'><strong>ecclesiastica</strong></span> 
     </span>
     <span class='ocr_line' id='line_1_25' title="bbox 126 2909 1369 2999; baseline -0.002 -22"><span class='ocrx_word' id='word_1_208' title='bbox 126 2915 288 2978; x_wconf 88' lang='lat' dir='ltr'><strong>irritentur·</strong></span> <span class='ocrx_word' id='word_1_209' title='bbox 302 2915 332 2978; x_wconf 92' lang='grc' dir='ltr'><strong>ιι</strong></span> <span class='ocrx_word' id='word_1_210' title='bbox 343 2913 515 2999; x_wconf 85' lang='grc' dir='ltr'>ιιιιιιιιιιιι·</span> <span class='ocrx_word' id='word_1_211' title='bbox 529 2915 660 2980; x_wconf 87' lang='grc' dir='ltr'>ιιιιιιιιι</span> <span class='ocrx_word' id='word_1_212' title='bbox 672 2915 704 2977; x_wconf 89' lang='grc' dir='ltr'><strong>ιι</strong></span> <span class='ocrx_word' id='word_1_213' title='bbox 717 2909 881 2978; x_wconf 85' lang='lat' dir='ltr'><strong>condendis</strong></span> <span class='ocrx_word' id='word_1_214' title='bbox 893 2912 979 2976; x_wconf 81' lang='lat' dir='ltr'><strong>novis</strong></span> <span class='ocrx_word' id='word_1_215' title='bbox 992 2911 1183 2976; x_wconf 88' lang='lat' dir='ltr'><strong>coemeteriis</strong></span> <span class='ocrx_word' id='word_1_216' title='bbox 1195 2912 1226 2976; x_wconf 91' lang='lat' dir='ltr'><strong>et</strong></span> <span class='ocrx_word' id='word_1_217' title='bbox 1235 2911 1266 2974; x_wconf 88' lang='lat' dir='ltr'><strong>in</strong></span> <span class='ocrx_word' id='word_1_218' title='bbox 1281 2929 1369 2976; x_wconf 89' lang='lat' dir='ltr'><strong>cura·</strong></span> 
     </span>
     <span class='ocr_line' id='line_1_26' title="bbox 128 3015 1369 3101; baseline -0.006 -17"><span class='ocrx_word' id='word_1_219' title='bbox 128 3019 211 3084; x_wconf 88' lang='lat' dir='ltr'><strong>tiene</strong></span> <span class='ocrx_word' id='word_1_220' title='bbox 224 3037 340 3095; x_wconf 87' lang='lat' dir='ltr'><strong>eorum,</strong></span> <span class='ocrx_word' id='word_1_221' title='bbox 360 3039 487 3101; x_wconf 89' lang='lat' dir='ltr'><strong>quorum</strong></span> <span class='ocrx_word' id='word_1_222' title='bbox 501 3019 715 3084; x_wconf 85' lang='lat' dir='ltr'><strong>Pretestantes</strong></span> <span class='ocrx_word' id='word_1_223' title='bbox 732 3018 832 3082; x_wconf 86' lang='lat' dir='ltr'><strong>adbuc</strong></span> <span class='ocrx_word' id='word_1_224' title='bbox 852 3018 923 3080; x_wconf 88' lang='lat' dir='ltr'><strong>sunt</strong></span> <span class='ocrx_word' id='word_1_225' title='bbox 940 3017 1087 3098; x_wconf 76' lang='lat' dir='ltr'><strong>exprertes.</strong></span> <span class='ocrx_word' id='word_1_226' title='bbox 1113 3015 1158 3079; x_wconf 85' lang='lat' dir='ltr'><strong>Ac</strong></span> <span class='ocrx_word' id='word_1_227' title='bbox 1172 3035 1226 3079; x_wconf 89' lang='lat' dir='ltr'><strong>sua</strong></span> <span class='ocrx_word' id='word_1_228' title='bbox 1240 3015 1369 3080; x_wconf 85' lang='lat' dir='ltr'><strong>debetur·</strong></span> 
     </span>
     <span class='ocr_line' id='line_1_27' title="bbox 126 3119 1366 3207; baseline -0.005 -19"><span class='ocrx_word' id='word_1_229' title='bbox 126 3123 267 3207; x_wconf 85' lang='lat' dir='ltr'><strong>parochis</strong></span> <span class='ocrx_word' id='word_1_230' title='bbox 285 3124 361 3188; x_wconf 87' lang='lat' dir='ltr'><strong>meis</strong></span> <span class='ocrx_word' id='word_1_231' title='bbox 378 3125 455 3204; x_wconf 89' lang='lat' dir='ltr'><strong>laus,</strong></span> <span class='ocrx_word' id='word_1_232' title='bbox 482 3126 645 3206; x_wconf 88' lang='lat' dir='ltr'><strong>quatenus,</strong></span> <span class='ocrx_word' id='word_1_233' title='bbox 665 3123 718 3186; x_wconf 89' lang='lat' dir='ltr'><strong>ubi</strong></span> <span class='ocrx_word' id='word_1_234' title='bbox 735 3121 904 3186; x_wconf 87' lang='lat' dir='ltr'><strong>communis</strong></span> <span class='ocrx_word' id='word_1_235' title='bbox 924 3119 1176 3184; x_wconf 88' lang='lat' dir='ltr'><strong>coerneteriorum</strong></span> <span class='ocrx_word' id='word_1_236' title='bbox 1197 3121 1366 3184; x_wconf 88' lang='lat' dir='ltr'><strong>nostrorum</strong></span> 
     </span>
     <span class='ocr_line' id='line_1_28' title="bbox 127 3221 1368 3310; baseline -0.006 -18"><span class='ocrx_word' id='word_1_237' title='bbox 127 3247 200 3292; x_wconf 85' lang='lat' dir='ltr'><strong>usus</strong></span> <span class='ocrx_word' id='word_1_238' title='bbox 217 3228 299 3292; x_wconf 92' lang='lat' dir='ltr'><strong>omni</strong></span> <span class='ocrx_word' id='word_1_239' title='bbox 316 3227 345 3292; x_wconf 89' lang='lat' dir='ltr'><strong>vi</strong></span> <span class='ocrx_word' id='word_1_240' title='bbox 363 3227 531 3310; x_wconf 84' lang='lat' dir='ltr'><strong>quaeritur,</strong></span> <span class='ocrx_word' id='word_1_241' title='bbox 555 3227 617 3291; x_wconf 91' lang='lat' dir='ltr'><strong>vim</strong></span> <span class='ocrx_word' id='word_1_242' title='bbox 638 3227 732 3290; x_wconf 86' lang='lat' dir='ltr'><strong>talem</strong></span> <span class='ocrx_word' id='word_1_243' title='bbox 755 3225 903 3308; x_wconf 87' lang='lat' dir='ltr'><strong>repellere</strong></span> <span class='ocrx_word' id='word_1_244' title='bbox 916 3223 1039 3288; x_wconf 82' lang='lat' dir='ltr'><strong>sortiter·</strong></span> <span class='ocrx_word' id='word_1_245' title='bbox 1053 3225 1212 3288; x_wconf 88' lang='lat' dir='ltr'><strong>conantur.</strong></span> <span class='ocrx_word' id='word_1_246' title='bbox 1241 3221 1368 3304; x_wconf 80' lang='lat' dir='ltr'><strong>Quando</strong></span> 
     </span>
     <span class='ocr_line' id='line_1_29' title="bbox 127 3327 1367 3410; baseline -0.006 -13"><span class='ocrx_word' id='word_1_247' title='bbox 127 3353 205 3398; x_wconf 79' lang='lat' dir='ltr'><strong>rroua</strong></span> <span class='ocrx_word' id='word_1_248' title='bbox 213 3330 782 3404; x_wconf 87' lang='lat' dir='ltr'><strong>statuunturcoemeterr&#39;asirnultanea,</strong></span> <span class='ocrx_word' id='word_1_249' title='bbox 790 3327 984 3392; x_wconf 90' lang='lat' dir='ltr'><strong>commendat</strong></span> <span class='ocrx_word' id='word_1_250' title='bbox 995 3347 1027 3392; x_wconf 89' lang='lat' dir='ltr'><strong>se</strong></span> <span class='ocrx_word' id='word_1_251' title='bbox 1039 3329 1140 3410; x_wconf 81' lang='lat' dir='ltr'><strong>prauis</strong></span> <span class='ocrx_word' id='word_1_252' title='bbox 1154 3347 1190 3392; x_wconf 89' lang='lat' dir='ltr'><strong>ea</strong></span> <span class='ocrx_word' id='word_1_253' title='bbox 1201 3345 1260 3391; x_wconf 89' lang='lat' dir='ltr'><strong>non</strong></span> <span class='ocrx_word' id='word_1_254' title='bbox 1273 3327 1367 3390; x_wconf 90' lang='lat' dir='ltr'><strong>bene-</strong></span> 
     </span>
     <span class='ocr_line' id='line_1_30' title="bbox 128 3431 1366 3519; baseline -0.003 -19"><span class='ocrx_word' id='word_1_255' title='bbox 128 3437 259 3516; x_wconf 84' lang='lat' dir='ltr'><strong>dicendi,</strong></span> <span class='ocrx_word' id='word_1_256' title='bbox 269 3437 322 3500; x_wconf 90' lang='lat' dir='ltr'><strong>sed</strong></span> <span class='ocrx_word' id='word_1_257' title='bbox 333 3457 426 3500; x_wconf 93' lang='lat' dir='ltr'><strong>unum</strong></span> <span class='ocrx_word' id='word_1_258' title='bbox 441 3437 581 3519; x_wconf 90' lang='lat' dir='ltr'><strong>quodque</strong></span> <span class='ocrx_word' id='word_1_259' title='bbox 595 3434 769 3517; x_wconf 88' lang='lat' dir='ltr'><strong>sepulcrum</strong></span> <span class='ocrx_word' id='word_1_260' title='bbox 778 3434 809 3496; x_wconf 94' lang='lat' dir='ltr'><strong>in</strong></span> <span class='ocrx_word' id='word_1_261' title='bbox 821 3434 888 3516; x_wconf 87' lang='lat' dir='ltr'><strong>ipsa</strong></span> <span class='ocrx_word' id='word_1_262' title='bbox 901 3432 1059 3515; x_wconf 87' lang='lat' dir='ltr'><strong>sepultura</strong></span> <span class='ocrx_word' id='word_1_263' title='bbox 1068 3431 1366 3496; x_wconf 85' lang='lat' dir='ltr'><strong>eritbenedioenum.</strong></span> 
     </span>
    </p>

    <p class='ocr_par' dir='ltr' id='par_1_4' title="bbox 125 3525 1366 4668">
     <span class='ocr_line' id='line_1_31' title="bbox 232 3525 1366 3621; baseline -0.008 -17"><span class='ocrx_word' id='word_1_264' title='bbox 232 3541 432 3621; x_wconf 80' lang='lat' dir='ltr'><strong>Quaestiones</strong></span> <span class='ocrx_word' id='word_1_265' title='bbox 465 3541 522 3618; x_wconf 89' lang='lat'><strong>17,</strong></span> <span class='ocrx_word' id='word_1_266' title='bbox 562 3525 599 3602; x_wconf 88' lang='lat' dir='ltr'><strong>de</strong></span> <span class='ocrx_word' id='word_1_267' title='bbox 630 3537 712 3620; x_wconf 90' lang='lat' dir='ltr'><strong>quib.</strong></span> <span class='ocrx_word' id='word_1_268' title='bbox 747 3537 905 3618; x_wconf 84' lang='lat' dir='ltr'><strong>hrrcusque</strong></span> <span class='ocrx_word' id='word_1_269' title='bbox 938 3553 1083 3617; x_wconf 85' lang='lat' dir='ltr'><strong>responsa</strong></span> <span class='ocrx_word' id='word_1_270' title='bbox 1118 3533 1188 3599; x_wconf 93' lang='lat' dir='ltr'><strong>dedi</strong></span> <span class='ocrx_word' id='word_1_271' title='bbox 1221 3550 1366 3618; x_wconf 89' lang='lat' dir='ltr'><strong>congrua,</strong></span> 
     </span>
     <span class='ocr_line' id='line_1_32' title="bbox 127 3635 1364 3725; baseline -0.006 -15"><span class='ocrx_word' id='word_1_272' title='bbox 127 3645 283 3711; x_wconf 70' lang='lat' dir='ltr'><strong>Sanctitas</strong></span> <span class='ocrx_word' id='word_1_273' title='bbox 300 3644 365 3708; x_wconf 87' lang='lat' dir='ltr'><strong>Tua</strong></span> <span class='ocrx_word' id='word_1_274' title='bbox 390 3643 421 3707; x_wconf 90' lang='lat' dir='ltr'><strong>in</strong></span> <span class='ocrx_word' id='word_1_275' title='bbox 447 3641 576 3725; x_wconf 89' lang='lat' dir='ltr'><strong>epistola</strong></span> <span class='ocrx_word' id='word_1_276' title='bbox 603 3641 641 3705; x_wconf 88' lang='lat' dir='ltr'><strong>ad</strong></span> <span class='ocrx_word' id='word_1_277' title='bbox 668 3635 781 3705; x_wconf 85' lang='lat' dir='ltr'><strong>Rmurn</strong></span> <span class='ocrx_word' id='word_1_278' title='bbox 809 3637 951 3721; x_wconf 83' lang='lat' dir='ltr'><strong>Archiep.</strong></span> <span class='ocrx_word' id='word_1_279' title='bbox 985 3636 1096 3702; x_wconf 82' lang='lat' dir='ltr'><strong>Salisb.</strong></span> <span class='ocrx_word' id='word_1_280' title='bbox 1131 3637 1160 3703; x_wconf 92' lang='lat' dir='ltr'><strong>d.</strong></span> <span class='ocrx_word' id='word_1_281' title='bbox 1196 3639 1247 3702; x_wconf 86' lang='lat'><strong>30.</strong></span> <span class='ocrx_word' id='word_1_282' title='bbox 1281 3636 1364 3719; x_wconf 82' lang='lat' dir='ltr'><strong>Sept.</strong></span> 
     </span>
     <span class='ocr_line' id='line_1_33' title="bbox 125 3742 1366 3833; baseline -0.007 -18"><span class='ocrx_word' id='word_1_283' title='bbox 125 3773 151 3816; x_wconf 87' lang='lat' dir='ltr'><strong>a.</strong></span> <span class='ocrx_word' id='word_1_284' title='bbox 187 3771 231 3833; x_wconf 87' lang='lat' dir='ltr'><strong>pr.</strong></span> <span class='ocrx_word' id='word_1_285' title='bbox 269 3749 342 3812; x_wconf 86' lang='lat' dir='ltr'><strong>data</strong></span> <span class='ocrx_word' id='word_1_286' title='bbox 377 3747 524 3810; x_wconf 85' lang='lat' dir='ltr'><strong>adnexuit</strong></span> <span class='ocrx_word' id='word_1_287' title='bbox 562 3743 708 3810; x_wconf 92' lang='lat' dir='ltr'><strong>nonnulla</strong></span> <span class='ocrx_word' id='word_1_288' title='bbox 742 3743 804 3808; x_wconf 91' lang='lat' dir='ltr'><strong>alia</strong></span> <span class='ocrx_word' id='word_1_289' title='bbox 837 3743 1013 3825; x_wconf 89' lang='lat' dir='ltr'><strong>postulata,</strong></span> <span class='ocrx_word' id='word_1_290' title='bbox 1051 3742 1162 3824; x_wconf 89' lang='lat' dir='ltr'><strong>quibus</strong></span> <span class='ocrx_word' id='word_1_291' title='bbox 1200 3762 1234 3807; x_wconf 86' lang='grc' dir='ltr'><strong>ιι</strong></span> <span class='ocrx_word' id='word_1_292' title='bbox 1279 3743 1366 3824; x_wconf 90' lang='lat' dir='ltr'><strong>parte</strong></span> 
     </span>
     <span class='ocr_line' id='line_1_34' title="bbox 125 3839 1365 3936; baseline -0.008 -17"><span class='ocrx_word' id='word_1_293' title='bbox 125 3855 235 3920; x_wconf 88' lang='lat' dir='ltr'><strong>saltem</strong></span> <span class='ocrx_word' id='word_1_294' title='bbox 268 3871 317 3920; x_wconf 88' lang='lat' dir='ltr'><strong>me</strong></span> <span class='ocrx_word' id='word_1_295' title='bbox 344 3853 409 3936; x_wconf 90' lang='lat' dir='ltr'><strong>jam</strong></span> <span class='ocrx_word' id='word_1_296' title='bbox 444 3851 476 3914; x_wconf 88' lang='lat' dir='ltr'><strong>in</strong></span> <span class='ocrx_word' id='word_1_297' title='bbox 512 3839 718 3934; x_wconf 75' lang='lat' dir='ltr'><strong>superioribus</strong></span> <span class='ocrx_word' id='word_1_298' title='bbox 752 3847 1014 3916; x_wconf 89' lang='lat' dir='ltr'><strong>declarationibus</strong></span> <span class='ocrx_word' id='word_1_299' title='bbox 1048 3847 1124 3910; x_wconf 88' lang='lat' dir='ltr'><strong>satis</strong></span> <span class='ocrx_word' id='word_1_300' title='bbox 1153 3847 1261 3911; x_wconf 90' lang='lat' dir='ltr'><strong>secisse</strong></span> <span class='ocrx_word' id='word_1_301' title='bbox 1291 3846 1365 3928; x_wconf 88' lang='lat' dir='ltr'><strong>puto</strong></span> 
     </span>
     <span class='ocr_line' id='line_1_35' title="bbox 126 3949 1365 4041; baseline -0.007 -19"><span class='ocrx_word' id='word_1_302' title='bbox 126 3979 153 4022; x_wconf 89' lang='grc' dir='ltr'><strong>ι.</strong></span> <span class='ocrx_word' id='word_1_303' title='bbox 189 3979 218 4041; x_wconf 90' lang='lat' dir='ltr'><strong>g.</strong></span> <span class='ocrx_word' id='word_1_304' title='bbox 252 3958 333 4022; x_wconf 87' lang='lat' dir='ltr'><strong>circa</strong></span> <span class='ocrx_word' id='word_1_305' title='bbox 367 3955 593 4020; x_wconf 87' lang='lat' dir='ltr'><strong>institutionem</strong></span> <span class='ocrx_word' id='word_1_306' title='bbox 625 3953 798 4037; x_wconf 89' lang='lat' dir='ltr'><strong>juventutis</strong></span> <span class='ocrx_word' id='word_1_307' title='bbox 830 3951 909 4034; x_wconf 76' lang='lat' dir='ltr'><strong>(Vl.)</strong></span> <span class='ocrx_word' id='word_1_308' title='bbox 944 3950 1091 4014; x_wconf 86' lang='lat' dir='ltr'><strong>instituta</strong></span> <span class='ocrx_word' id='word_1_309' title='bbox 1124 3950 1268 4034; x_wconf 90' lang='lat' dir='ltr'><strong>religiosa</strong></span> <span class='ocrx_word' id='word_1_310' title='bbox 1301 3949 1365 4033; x_wconf 85' lang='lat' dir='ltr'><strong>(X.)</strong></span> 
     </span>
     <span class='ocr_line' id='line_1_36' title="bbox 127 4052 1365 4142; baseline -0.008 -16"><span class='ocrx_word' id='word_1_311' title='bbox 127 4063 322 4126; x_wconf 83' lang='lat' dir='ltr'><strong>matrimonia</strong></span> <span class='ocrx_word' id='word_1_312' title='bbox 362 4061 459 4125; x_wconf 78' lang='lat' dir='ltr'><strong>mixta</strong></span> <span class='ocrx_word' id='word_1_313' title='bbox 499 4057 581 4142; x_wconf 78' lang='lat' dir='ltr'>(IV.)</span> <span class='ocrx_word' id='word_1_314' title='bbox 623 4057 677 4123; x_wconf 84' lang='lat' dir='ltr'><strong>Sin</strong></span> <span class='ocrx_word' id='word_1_315' title='bbox 722 4058 826 4121; x_wconf 89' lang='lat' dir='ltr'><strong>autem</strong></span> <span class='ocrx_word' id='word_1_316' title='bbox 871 4055 976 4139; x_wconf 89' lang='lat' dir='ltr'><strong>agitur·</strong></span> <span class='ocrx_word' id='word_1_317' title='bbox 1016 4053 1053 4118; x_wconf 90' lang='lat' dir='ltr'><strong>de</strong></span> <span class='ocrx_word' id='word_1_318' title='bbox 1095 4052 1249 4118; x_wconf 75' lang='lat' dir='ltr'><strong>Ecclesiae</strong></span> <span class='ocrx_word' id='word_1_319' title='bbox 1295 4071 1365 4116; x_wconf 93' lang='lat' dir='ltr'><strong>curn</strong></span> 
     </span>
     <span class='ocr_line' id='line_1_37' title="bbox 127 4156 1365 4248; baseline -0.007 -18"><span class='ocrx_word' id='word_1_320' title='bbox 127 4166 210 4231; x_wconf 85' lang='lat' dir='ltr'><strong>ciuili</strong></span> <span class='ocrx_word' id='word_1_321' title='bbox 242 4165 389 4248; x_wconf 82' lang='lat' dir='ltr'><strong>gubernio</strong></span> <span class='ocrx_word' id='word_1_322' title='bbox 414 4163 639 4241; x_wconf 89' lang='lat' dir='ltr'><strong>relationibus,</strong></span> <span class='ocrx_word' id='word_1_323' title='bbox 674 4162 705 4226; x_wconf 92' lang='lat' dir='ltr'><strong>in</strong></span> <span class='ocrx_word' id='word_1_324' title='bbox 732 4159 911 4226; x_wconf 86' lang='lat' dir='ltr'><strong>Dioeceseos</strong></span> <span class='ocrx_word' id='word_1_325' title='bbox 941 4177 1028 4222; x_wconf 88' lang='lat' dir='ltr'><strong>meae</strong></span> <span class='ocrx_word' id='word_1_326' title='bbox 1053 4157 1219 4224; x_wconf 87' lang='lat' dir='ltr'><strong>Austriaca</strong></span> <span class='ocrx_word' id='word_1_327' title='bbox 1249 4156 1365 4221; x_wconf 87' lang='lat' dir='ltr'><strong>ditione</strong></span> 
     </span>
     <span class='ocr_line' id='line_1_38' title="bbox 126 4259 1362 4351; baseline -0.008 -16"><span class='ocrx_word' id='word_1_328' title='bbox 126 4271 217 4336; x_wconf 88' lang='lat' dir='ltr'><strong>aliter·</strong></span> <span class='ocrx_word' id='word_1_329' title='bbox 240 4289 288 4334; x_wconf 90' lang='lat' dir='ltr'><strong>res</strong></span> <span class='ocrx_word' id='word_1_330' title='bbox 312 4288 343 4333; x_wconf 87' lang='lat' dir='ltr'><strong>se</strong></span> <span class='ocrx_word' id='word_1_331' title='bbox 366 4269 461 4334; x_wconf 87' lang='lat' dir='ltr'><strong>babet</strong></span> <span class='ocrx_word' id='word_1_332' title='bbox 484 4269 576 4351; x_wconf 89' lang='lat' dir='ltr'><strong>atque</strong></span> <span class='ocrx_word' id='word_1_333' title='bbox 606 4265 638 4330; x_wconf 93' lang='lat' dir='ltr'><strong>in</strong></span> <span class='ocrx_word' id='word_1_334' title='bbox 668 4265 845 4351; x_wconf 87' lang='lat' dir='ltr'><strong>regionibus</strong></span> <span class='ocrx_word' id='word_1_335' title='bbox 887 4279 981 4346; x_wconf 91' lang='lat' dir='ltr'><strong>regno</strong></span> <span class='ocrx_word' id='word_1_336' title='bbox 1009 4262 1174 4326; x_wconf 89' lang='lat' dir='ltr'><strong>Bcrussiae</strong></span> <span class='ocrx_word' id='word_1_337' title='bbox 1205 4259 1362 4342; x_wconf 87' lang='lat' dir='ltr'><strong>subjectis.</strong></span> 
     </span>
     <span class='ocr_line' id='line_1_39' title="bbox 125 4363 1365 4458; baseline -0.009 -19"><span class='ocrx_word' id='word_1_338' title='bbox 125 4376 218 4440; x_wconf 86' lang='lat' dir='ltr'><strong>Hand</strong></span> <span class='ocrx_word' id='word_1_339' title='bbox 249 4375 371 4458; x_wconf 87' lang='lat' dir='ltr'><strong>ignorat</strong></span> <span class='ocrx_word' id='word_1_340' title='bbox 402 4371 568 4437; x_wconf 89' lang='lat' dir='ltr'><strong>Beatitudo</strong></span> <span class='ocrx_word' id='word_1_341' title='bbox 597 4371 722 4450; x_wconf 88' lang='lat' dir='ltr'><strong>Vestra,</strong></span> <span class='ocrx_word' id='word_1_342' title='bbox 752 4387 884 4452; x_wconf 90' lang='lat' dir='ltr'><strong>quonam</strong></span> <span class='ocrx_word' id='word_1_343' title='bbox 914 4366 1033 4450; x_wconf 90' lang='lat' dir='ltr'><strong>impetu</strong></span> <span class='ocrx_word' id='word_1_344' title='bbox 1060 4365 1145 4429; x_wconf 88' lang='lat' dir='ltr'><strong>hisce</strong></span> <span class='ocrx_word' id='word_1_345' title='bbox 1174 4363 1365 4446; x_wconf 88' lang='lat' dir='ltr'><strong>temporibus</strong></span> 
     </span>
     <span class='ocr_line' id='line_1_40' title="bbox 125 4467 1365 4560; baseline -0.01 -16"><span class='ocrx_word' id='word_1_346' title='bbox 125 4479 262 4544; x_wconf 79' lang='grc' dir='ltr'>ιιιιιιιιι</span> <span class='ocrx_word' id='word_1_347' title='bbox 286 4477 318 4541; x_wconf 95' lang='lat' dir='ltr'><strong>in</strong></span> <span class='ocrx_word' id='word_1_348' title='bbox 341 4477 472 4560; x_wconf 88' lang='lat' dir='ltr'><strong>Imperio</strong></span> <span class='ocrx_word' id='word_1_349' title='bbox 495 4475 659 4542; x_wconf 83' lang='lat' dir='ltr'><strong>Austriacc</strong></span> <span class='ocrx_word' id='word_1_350' title='bbox 682 4473 899 4558; x_wconf 88' lang='lat' dir='ltr'><strong>impugnetur,</strong></span> <span class='ocrx_word' id='word_1_351' title='bbox 934 4471 1117 4555; x_wconf 90' lang='lat' dir='ltr'><strong>quibusnam</strong></span> <span class='ocrx_word' id='word_1_352' title='bbox 1153 4468 1263 4533; x_wconf 90' lang='lat' dir='ltr'><strong>mediis</strong></span> <span class='ocrx_word' id='word_1_353' title='bbox 1293 4467 1365 4550; x_wconf 89' lang='lat' dir='ltr'><strong>jura</strong></span> 
     </span>
     <span class='ocr_line' id='line_1_41' title="bbox 125 4571 1363 4668; baseline -0.01 -19"><span class='ocrx_word' id='word_1_354' title='bbox 125 4587 157 4649; x_wconf 89' lang='lat' dir='ltr'><strong>et</strong></span> <span class='ocrx_word' id='word_1_355' title='bbox 180 4583 344 4668; x_wconf 80' lang='lat' dir='ltr'><strong>privilegia</strong></span> <span class='ocrx_word' id='word_1_356' title='bbox 368 4579 779 4656; x_wconf 70' lang='lat' dir='ltr'><strong>llcclesiacconculcantur,</strong></span> <span class='ocrx_word' id='word_1_357' title='bbox 802 4595 947 4661; x_wconf 90' lang='lat' dir='ltr'><strong>quorsum</strong></span> <span class='ocrx_word' id='word_1_358' title='bbox 978 4573 1108 4639; x_wconf 90' lang='lat' dir='ltr'><strong>tendant</strong></span> <span class='ocrx_word' id='word_1_359' title='bbox 1137 4571 1242 4638; x_wconf 88' lang='lat' dir='ltr'><strong>studia</strong></span> <span class='ocrx_word' id='word_1_360' title='bbox 1270 4591 1363 4638; x_wconf 85' lang='lat' dir='ltr'><strong>noua-</strong></span> 
     </span>
    </p>
   </div>
   <div class='ocr_carea' id='block_1_3' title="bbox 124 4679 1365 4850">
    <p class='ocr_par' dir='ltr' id='par_1_5' title="bbox 124 4679 1365 4850">
     <span class='ocr_line' id='line_1_42' title="bbox 124 4679 1365 4771; baseline -0.006 -16"><span class='ocrx_word' id='word_1_361' title='bbox 124 4692 237 4768; x_wconf 89' lang='lat' dir='ltr'><strong>tcrum‚</strong></span> <span class='ocrx_word' id='word_1_362' title='bbox 263 4686 316 4771; x_wconf 90' lang='lat' dir='ltr'><strong>qui</strong></span> <span class='ocrx_word' id='word_1_363' title='bbox 339 4683 509 4750; x_wconf 77' lang='lat' dir='ltr'><strong>Ecclesiam</strong></span> <span class='ocrx_word' id='word_1_364' title='bbox 533 4683 687 4764; x_wconf 85' lang='lat' dir='ltr'><strong>ancillari,</strong></span> <span class='ocrx_word' id='word_1_365' title='bbox 711 4683 805 4769; x_wconf 89' lang='lat' dir='ltr'><strong>ipsius</strong></span> <span class='ocrx_word' id='word_1_366' title='bbox 828 4683 860 4748; x_wconf 90' lang='lat' dir='ltr'><strong>in</strong></span> <span class='ocrx_word' id='word_1_367' title='bbox 883 4700 932 4749; x_wconf 90' lang='lat' dir='ltr'><strong>res</strong></span> <span class='ocrx_word' id='word_1_368' title='bbox 955 4679 1158 4748; x_wconf 86' lang='lat' dir='ltr'><strong>scholasticas</strong></span> <span class='ocrx_word' id='word_1_369' title='bbox 1191 4679 1224 4745; x_wconf 89' lang='lat' dir='ltr'><strong>et</strong></span> <span class='ocrx_word' id='word_1_370' title='bbox 1255 4679 1365 4747; x_wconf 88' lang='lat' dir='ltr'><strong>matri·</strong></span> 
     </span>
     <span class='ocr_line' id='line_1_43' title="bbox 1195 4781 1261 4850; baseline 0.061 -4"><span class='ocrx_word' id='word_1_371' title='bbox 1195 4781 1261 4850; x_wconf 78' lang='grc'><strong>31*</strong></span> 
     </span>
    </p>
   </div>
   <div class='ocr_carea' id='block_1_4' title="bbox 0 0 1584 5010">
    <p class='ocr_par' dir='ltr' id='par_1_6' title="bbox 0 0 1584 5010">
     <span class='ocr_line' id='line_1_44' title="bbox 0 0 1584 5010; baseline 0 0"><span class='ocrx_word' id='word_1_372' title='bbox 0 0 1584 5010; x_wconf 95' lang='lat' dir='ltr'><strong> </strong></span> 
     </span>
    </p>
   </div>
  </div>
 </body>
</html>
