3160 5010
282 318 413 380 Responsa
432 327 473 380 ep.
492 313 618 378 spirensis
637 313 669 366 ad
689 318 798 380 quaesit.
817 327 832 366 u
850 313 916 366 Sede
934 314 977 377 lp.
998 325 1101 379 propos.
1120 309 1226 377 (ttae.)
1306 291 1369 358 453
1462 373 1466 382 Ι

130 488 335 558 sacramentis
358 506 462 553 arcere
483 487 562 552 solet
583 505 679 568 usque
702 485 775 550 dum
798 485 960 570 resipiscat
983 505 1018 550 ac
1034 485 1181 551 ecclesiae
1200 483 1370 568 praeceptis

129 594 311 663 satisfaciat.
358 591 392 657 Si
414 591 550 657 severius
574 592 681 655 contra
703 591 782 656 tales
806 589 1031 674 procederetur,
1057 589 1229 654 timendum
1252 591 1309 664 est,
1332 607 1370 653 ne

128 699 231 783 potius
254 698 473 763 detrimentum
496 696 541 761 rei
564 693 735 770 catlnlicae
755 694 827 760 inde
851 695 1028 760 exoriretur.

232 802 409 866 consultius
433 819 498 866 esse
521 799 655 875 videtur,
685 801 711 863 si
742 799 937 882 indulgentia
958 797 1134 883 ‚apostolica
1165 798 1197 862 iu
1228 795 1370 860 carnibus

128 907 205 972 locis
227 906 396 981 revocetur,
419 904 593 988 ubicunque
616 903 763 968 acclesiae
785 903 984 987 praescriptis
1006 904 1039 968 in
1060 902 1116 967 hoc
1138 904 1251 986 puncta
1277 899 1370 966 satis-

129 1011 194 1075 fieri
217 1029 276 1076 nou
299 1009 388 1086 solet,
412 1010 444 1073 et
465 1006 576 1072 melius
598 1009 693 1085 esset,
718 1008 744 1071 si
767 1007 862 1072 etiam
884 1006 1139 1090 proclamationes
1168 1005 1281 1069 talium
1303 1023 1369 1068 ma·

127 1116 356 1192 trimoniorum,
391 1113 422 1176 in
456 1111 566 1194 quibus
599 1111 740 1204 educatio
772 1111 940 1176 liberorum
969 1111 1001 1175 iu
1031 1109 1178 1195 religione
1212 1107 1368 1173 catholica

128 1219 309 1286 confirmata
331 1237 391 1282 non
410 1217 467 1294 est,
490 1214 757 1292 interdicerentur,
781 1234 850 1279 cum
867 1235 885 1280 a
900 1215 1012 1298 papale
1027 1215 1176 1296 tanquam
1194 1210 1366 1294 cooperatio
1406 1257 1408 1261 -
1480 1221 1482 1228 '

127 1322 278 1407 quaedam
301 1323 340 1386 ad
363 1321 440 1387 talia
463 1319 614 1385 connubia
637 1321 819 1389 habeantur.

232 1425 301 1490 Alia
323 1443 414 1508 quam
439 1443 522 1489 mere
544 1424 719 1508 spiritualia
741 1423 845 1488 media
865 1443 919 1506 pro
942 1422 1136 1488 cautionibus
1151 1419 1309 1485 servandis
1329 1419 1367 1482 ab

127 1531 258 1595 ecclesia
280 1529 456 1594 adhibenda
478 1546 543 1594 esse
567 1547 626 1594 non
654 1527 808 1594 videntur.
1154 1515 1156 1519 ’

230 1631 327 1698 Valde
350 1631 554 1716 exoptandum
578 1633 667 1710 esset,
690 1632 726 1696 ut
746 1631 897 1714 'episcopis
919 1630 950 1694 in
974 1630 1022 1694 bis
1037 1628 1212 1712 regionibus
1232 1627 1364 1692 facultas

127 1737 323 1820 dispensandi
345 1757 399 1822 pro
421 1736 628 1812 matrimoniis
650 1736 755 1801 mixtis
785 1736 879 1801 etiam
910 1737 941 1798 in
972 1733 1094 1799 casibus
1118 1734 1312 1817 Apostolicae
1336 1733 1365 1798 S.

128 1843 292 1908 reservatis
314 1841 509 1919 concedatur,
536 1841 776 1925 quotiescunque
791 1841 961 1924 periculum
978 1840 1036 1916 est,
1060 1837 1138 1904 tales
1154 1839 1369 1922 nupturientes

128 1948 251 2030 propter
284 1946 412 2011 nimiam
431 1933 682 2030 ¹dispensationis
715 1945 910 2029 Apostolicae
952 1943 1131 2012 dilationem
1165 1943 1368 2008 ministellum

128 2051 319 2114 haereticum
345 2049 484 2114 adituros
510 2049 614 2132 ibique
651 2049 907 2114 matrimonialem
937 2049 1130 2114 contractum
1160 2049 1368 2114 attentaturos

129 2173 204 2220 esse.
250 2155 336 2218 Haec
358 2154 518 2219 facultatis
541 2155 675 2219 extensio
705 2172 766 2218 non
788 2153 853 2217 sine
883 2153 1025 2236 annalogia
1055 2155 1151 2232 esset,
1182 2172 1252 2217 curn
1279 2171 1368 2236 super

129 2257 356 2341 dispensatione
379 2257 603 2322 baereticorum
626 2276 838 2322 conversorum
862 2259 893 2320 in
916 2257 957 2322 ll.
974 2256 1253 2340 consanguinitatis
1270 2255 1368 2340 gradu

125 2345 192 2445 jam
215 2361 316 2426 simile
339 2361 413 2444 quid
434 2362 466 2425 in
489 2361 691 2426 facultatibus
714 2359 992 2444 quinquennalibus
1015 2359 1167 2424 statutum
1192 2360 1242 2424 sit.

233 2466 379 2548 Quaestio
412 2465 446 2530 V.
492 2465 627 2530 Jvavenes
650 2465 689 2530 acl
705 2465 821 2530 statum
839 2464 1010 2530 clericalem
1027 2464 1129 2530 vocati
1141 2464 1209 2548 jam
1223 2464 1256 2528 in
1273 2462 1368 2550 Gym-

129 2571 224 2634 nasiis
247 2570 562 2652 spiritumvanitatis
584 2572 615 2634 et
642 2569 789 2634 navitatis
817 2572 941 2652 sugunt.
987 2568 1198 2634 Professorum
1228 2569 1308 2632 ernian
1337 2569 1367 2632 in

128 2673 178 2737 his
201 2673 314 2739 scholis
337 2673 513 2739 decentium
535 2673 615 2738 nihil
636 2673 736 2757 magis
758 2673 907 2737 interesse
930 2672 1025 2753 solet,
1049 2691 1141 2756 quarn
1165 2673 1201 2736 ut
1224 2672 1368 2756 discipuli

129 2778 244 2869 scripta
266 2796 323 2842 sua
344 2778 400 2843 illa
423 2777 578 2864 elegantia
600 2779 632 2843 et
653 2777 708 2842 illo
728 2778 827 2842 nitore
849 2777 1009 2843 elaborent
1031 2767 1124 2862 atque
1147 2779 1309 2846 exornant.
1334 2779 1369 2842 ut

128 2883 324 2966 antiquomm
348 2885 509 2947 auctorum
543 2884 605 2947 siut
628 2881 810 2946 imitatores.
856 2881 1001 2948 Gravitas
1020 2882 1051 2946 et
1074 2881 1268 2964 simplicitas,
1290 2901 1369 2966 quae

129 2985 291 3050 vamtatem
314 2986 513 3052 christianam
538 2987 637 3065 decet,
660 2987 693 3051 iu
715 2987 763 3052 his
786 2985 899 3050 scholis
921 2985 1008 3070 parvi
1031 2985 1236 3052 aestimantur
1259 2988 1290 3051 ct
1305 2988 1368 3052 lere

129 3087 340 3171 despiciuntur
373 3091 480 3172 utpote
513 3109 590 3173 quae
624 3109 694 3155 cum
716 3091 801 3167 suso,
831 3091 938 3155 orrrato
962 3091 994 3155 et
1016 3089 1124 3155 subtili
1148 3090 1245 3174 stylo,
1277 3109 1366 3172 quem

129 3193 290 3258 nominant
312 3193 476 3258 classicum
500 3195 669 3277 comparari
693 3193 902 3277 nonpossint.

232 3296 300 3362 Hac
323 3296 504 3362 eruditionis
527 3297 645 3362 ratione
667 3298 781 3362 imbuti
801 3295 929 3380 juvenes
951 3295 1127 3380 theologiae
1153 3296 1289 3362 studium
1314 3317 1370 3381 ag·

130 3399 368 3486 gradiuntur'et
389 3419 443 3505 par
466 3401 542 3467 duos
564 3401 699 3468 veltres
722 3420 835 3480 annos,
865 3419 940 3484 quos
962 3400 994 3464 in
1020 3401 1223 3466 universitate
1246 3421 1371 3466 versan-

131 3507 193 3582 tur,
214 3523 324 3588 parum
347 3511 402 3570 aet
424 3505 502 3570 nibil
525 3506 563 3570 de
585 3505 774 3570 Homiletica
796 3504 927 3569 audiunt
951 3507 983 3569 et
997 3504 1042 3569 sic
1057 3523 1162 3570 sacrae
1177 3503 1371 3592 eloquentiae

131 3608 233 3694 ignari
265 3609 297 3672 in
331 3607 536 3674 Seminarium
570 3609 698 3676 intrant.
744 3608 901 3689 Quomodo
932 3608 983 3672 hic
1013 3609 1046 3673 in
1069 3627 1160 3673 cursu
1183 3608 1274 3673 unias
1297 3609 1369 3673 anni

132 3711 180 3778 vel
213 3711 342 3778 duarum
373 3712 467 3777 alium
491 3713 617 3778 modum
646 3716 678 3778 et
701 3733 798 3798 genus
822 3712 980 3798 cogitandi
1002 3714 1033 3778 et
1055 3711 1177 3778 dicendi
1200 3712 1260 3778 sibi
1283 3731 1371 3778 assu·

132 3837 163 3882 rn
206 3815 244 3880 t?
296 3814 440 3880 Studium
469 3817 645 3900 theologiae
670 3817 842 3900 practicae,
865 3818 1040 3882 sanctorum
1064 3817 1189 3899 patrum
1212 3817 1243 3880 et
1267 3835 1373 3882 sacrae

133 3919 315 4003 scripturae,
333 3919 497 4002 disciplina
519 3921 644 4004 pietatis
667 3924 699 3986 et
720 3921 845 3986 assidua
861 3937 1034 3985 sermonum
1055 3919 1223 3985 elaboratio
1238 3921 1374 3985 remedia

134 4025 217 4100 sunt,
240 4023 351 4105 quihus
365 4024 476 4102 multa,
501 4023 554 4089 sed
577 4043 635 4090 uon
648 4025 752 4090 amnia
766 4025 954 4090 detrimenta
968 4023 1116 4089 removeri
1132 4025 1271 4108 possunt,
1295 4043 1373 4107 quae

134 4147 169 4192 ex
191 4128 311 4193 ratione
333 4131 504 4196 studiorum
533 4131 750 4197 humaniorum
781 4130 898 4195 hauriri
929 4129 1037 4196 solent.
1084 4129 1186 4213 lgltur
1214 4147 1289 4212 opus
1316 4131 1373 4205 est,

135 4231 215 4314 quod
231 4231 327 4296 etism
339 4232 379 4298 ad
390 4232 606 4313 Quaestionem
622 4233 691 4298 VII.
704 4232 938 4309 observandum,
950 4234 986 4296 ut
996 4232 1125 4298 ecclesia
1136 4231 1246 4314 majori
1260 4233 1377 4315 polleat

135 4337 320 4403 auctoritate
341 4337 374 4402 iu
397 4337 517 4404 scholas
540 4341 572 4403 et
592 4338 624 4402 in
647 4336 827 4402 methodum
845 4337 974 4420 juvenes
1000 4337 1169 4402 erudiendi.
1214 4336 1247 4401 Si
1270 4336 1375 4401 studia
1445 4369 1447 4373 ·

134 4441 316 4508 humaniora
351 4442 408 4506 sub
442 4443 627 4508 auctoritate
660 4441 807 4506 acclesiae
836 4443 868 4505 et
886 4441 977 4523 juxta
1000 4441 1151 4506 rationem
1175 4439 1376 4505 christianam

135 4548 323 4627 colerentur,
348 4549 478 4632 juvenes
509 4569 527 4615 a
557 4547 668 4634 spirita
698 4546 847 4613 vanitatis
869 4548 902 4610 et
923 4545 1071 4612 navitatis
1094 4542 1217 4610 facilins
1239 4561 1378 4627 pracser-

136 4651 202 4715 vari
224 4655 357 4738 possent.
1337 4659 1340 4668 “
