3152 5014
198 281 259 349 170
326 300 464 370 Gerlach,
483 307 519 360 hc
537 307 615 362 rebus
634 308 786 374 quibusdam
805 307 837 360 ad
857 310 988 364 muchium
1006 307 1130 374 genenslc
1148 303 1311 372 pertinentis.

196 471 359 541 affinitatis
389 476 489 544 lineae
518 481 710 547 transvenae
733 499 769 546 en
788 479 896 564 copula
918 479 1005 544 licita
1028 479 1060 544 et
1082 478 1245 544 affinitatis
1267 499 1302 544 ex
1325 479 1437 562 copula

196 576 317 658 illicita,
340 583 532 666 cognationis
554 585 727 670 spiritualis
740 587 763 669 ¹)
786 587 818 651 et
832 583 944 669 legalis
959 602 1015 648 nec
1030 603 1090 648 non
1104 583 1246 666 pubhcae
1261 582 1436 648 honestatis

196 682 319 766 expedit
342 684 492 770 abrogari.
593 705 596 712 ·

301 787 445 854 Ceterum
468 793 638 858 coust‘tute
659 794 715 860 illa
736 811 814 858 nova
835 793 934 858 forma
957 791 1064 856 iideles
1088 791 1234 856 edocendi
1256 792 1343 870 sunt,
1365 812 1434 857 ma·

196 888 376 986 trimoniurn
400 897 614 964 contrahentes
635 897 717 982 ipsos
739 915 805 962 esse
830 895 1023 962 matrimonii
1045 895 1202 960 ministros
1232 896 1264 960 et
1286 895 1435 962 ecclesiae

197 995 261 1062 sive
292 997 480 1082 reipublicae
501 1002 679 1068 ministrum
708 1021 774 1067 esse
801 1002 914 1066 testem
948 999 1213 1076 auctorisabilem;
1247 1019 1436 1085 quamquam
1476 1073 1481 1078 ,
1572 1041 1573 1108 3

196 1102 299 1168 summ
322 1103 495 1182 benedictio
517 1107 667 1190 nuptialis
696 1105 728 1170 in
754 1105 884 1170 ecclesia
916 1103 955 1168 ad
982 1103 1113 1186 parocho
1139 1103 1345 1186 impertienda
1373 1125 1434 1170 non

195 1205 388 1289 requiratur,
417 1210 452 1274 ut
482 1210 716 1276 matrimonium
746 1207 862 1287 valide,
896 1209 1002 1274 tamen
1035 1209 1071 1272 ut
1105 1207 1190 1272 licite
1221 1209 1435 1287 contrahatur,

195 1309 324 1395 ideoque
346 1314 469 1378 nonsit
491 1314 714 1382 contemnenda
736 1314 775 1378 ah
800 1312 848 1391 iis,
872 1313 925 1396 qui
948 1315 1051 1378 animo
1063 1313 1255 1398 prospiciunt
1265 1313 1379 1378 futura.
1392 1351 1436 1362 -

195 1411 294 1500 Atqui
317 1435 395 1482 nova
416 1417 471 1482 illa
494 1418 591 1484 forma
614 1417 885 1500 constituendam
908 1437 953 1498 eo,
977 1418 1057 1502 quod
1079 1418 1173 1502 caput
1189 1418 1245 1497 est,
1270 1417 1348 1482 nibil
1364 1418 1435 1482 novi

195 1519 418 1586 introducetur.
456 1521 677 1588 contrahentes
700 1523 779 1588 enim
802 1524 876 1588 sunt
892 1521 1077 1588 sacramenti
1091 1521 1237 1600 ministri,
1248 1523 1435 1606 quapropter

195 1622 367 1690 Concilium
383 1625 599 1706 Tridentinum
614 1627 717 1692 actum
740 1627 932 1692 matrimonii
954 1625 1157 1692 contrahendi
1179 1627 1211 1690 et
1223 1628 1328 1691 actum
1340 1627 1434 1691 hene·

196 1727 340 1794 dictionis
368 1731 567 1796 sacerdotalis
591 1730 684 1815 (Sess.
708 1733 760 1798 24.
786 1752 850 1816 cap.
877 1734 904 1796 1.
925 1732 962 1797 de
980 1733 1034 1796 rei.
1064 1732 1169 1817 mab.)
1203 1730 1369 1814 distinguit
1403 1731 1436 1795 et

195 1831 333 1898 validum
365 1833 598 1900 matrimonium
624 1835 720 1902 stiam
748 1837 916 1902 secundum
941 1837 1070 1901 foranum
1103 1835 1316 1902 Tridentinam
1346 1837 1435 1900 extra

195 1935 357 2002 ecclesiam
390 1939 423 2002 et
451 1938 558 2003 contra
590 1939 780 2005 uoluntatem
814 1940 939 2023 parochi
973 1939 1114 2006 contrahi
1146 1941 1259 2022 potest,
1301 1939 1328 2003 si
1361 1939 1435 2004 huic
1525 2014 1531 2016 ,
1572 1943 1573 1964 1

194 2040 292 2106 inuito
314 2059 418 2106 coram
434 2040 552 2107 duobus
575 2043 707 2108 testibus
732 2045 948 2109 contrahentes
960 2046 1104 2110 mutuum
1127 2061 1306 2108 consensum
1320 2042 1435 2108 alicubi

195 2144 379 2228 exprimunt

297 2249 338 2316 II.
383 2249 428 2316 Ut
456 2249 617 2316 rationahs
646 2251 855 2336 philosophiae
886 2252 925 2318 ab
957 2250 1040 2316 omni
1063 2251 1173 2316 erroris
1196 2251 1332 2335 periculo
1352 2251 1435 2318 inta-

194 2352 332 2418 minatae
362 2373 513 2439 sanaeque
535 2355 711 2442 theoiogiae
732 2356 871 2440 jurisque
886 2355 1025 2422 canonici
1039 2355 1175 2422 studium
1199 2355 1232 2420 in
1255 2356 1435 2423 Seminariis

196 2456 382 2526 dioecesanis
404 2459 530 2526 floreat:
555 2460 594 2524 ad
617 2460 769 2526 docendas
791 2461 847 2525 has
870 2459 1048 2544 disciplinas
1072 2459 1095 2524 ii
1117 2461 1242 2525 tautum
1265 2459 1432 2526 adhibendi

194 2563 284 2641 suut,
307 2563 359 2646 qui
381 2583 442 2628 uon
464 2564 564 2630 solum
586 2564 799 2632 excellentiore
820 2565 944 2650 ingenio
966 2564 1109 2648 praediti,
1133 2564 1186 2630 sed
1209 2564 1305 2630 etiam
1330 2565 1363 2630 in
1385 2565 1435 2632 his

196 2666 366 2750 disciplinis
396 2668 462 2752 jam
491 2688 545 2751 per
579 2669 706 2754 longum
740 2671 863 2752 tempus
896 2670 1011 2736 versati
1043 2671 1126 2736 sunt.
1170 2668 1436 2750 Quemadmodum

195 2771 380 2855 gubernium
403 2773 494 2838 civile
525 2773 564 2837 ad
585 2772 735 2840 tradenda
756 2773 910 2839 elementa
933 2774 966 2838 in
981 2773 1157 2860 Gymnasiis
1180 2774 1212 2838 et
1228 2773 1435 2866 adducendas

195 2875 372 2958 disciplinas
394 2876 425 2941 in
448 2875 625 2944 academiis
646 2895 697 2944 eos
720 2879 845 2942 tantum
868 2861 1025 2958 admittit,
1049 2879 1102 2964 qui
1124 2897 1178 2962 per
1200 2879 1316 2946 multos
1340 2897 1435 2944 annos

194 2998 243 3045 res
265 2979 298 3044 in
321 2981 434 3047 scholis
456 2982 651 3067 euphcandas
674 2981 785 3048 studiis
808 2983 994 3051 academicis
1016 2982 1267 3066 praedidicerunt
1297 3001 1435 3048 necnon

146 3168 148 3174 .
195 3083 334 3156 examina
356 3084 546 3168 praescripta
568 3085 782 3162 absolverunt,
805 3087 851 3152 ita
872 3087 968 3153 etiam
995 3087 1117 3170 expedit
1140 3087 1254 3166 statui,
1286 3088 1321 3152 ut
1343 3086 1435 3169 Epis-

195 3189 263 3272 copi
291 3189 324 3254 in
345 3189 549 3259 facultatibus
578 3191 797 3274 philosophicis
830 3194 863 3258 et
895 3191 1077 3276 theologicis
1111 3211 1224 3256 munus
1254 3191 1435 3275 professoris

194 3291 233 3358 iis
255 3294 379 3360 tantum
402 3294 566 3375 mandent,
597 3298 733 3380 quinon
756 3297 845 3362 modo
866 3295 1021 3362 communi
1043 3297 1075 3360 et
1095 3295 1212 3360 usitato
1235 3296 1322 3360 cultu
1345 3295 1435 3361 cleri·

194 3413 299 3462 corum
322 3397 455 3476 educati,
482 3398 654 3464 sedetiam
684 3399 796 3464 studiis
817 3399 1028 3483 singularibus
1051 3401 1083 3465 et
1105 3399 1276 3484 praecipuis
1307 3395 1436 3466 eremiti

195 3518 287 3583 snpra
308 3501 469 3587 vulgarem
491 3501 618 3568 modum
647 3502 763 3568 eruditi
793 3503 825 3568 et
854 3503 893 3568 ad
922 3503 1055 3568 doctoris
1084 3503 1311 3587 philosophiae,
1345 3504 1436 3568 thec-

193 3604 295 3688 logiae
328 3607 384 3671 nut
413 3606 494 3690 jnris
525 3607 663 3674 canonici
696 3607 829 3694 gradum
863 3607 923 3672 rite
955 3607 1090 3690 promoti
1122 3609 1204 3672 sunt.
1250 3607 1363 3688 Quum·
1386 3608 1436 3674 his

141 3753 143 3756 -
193 3709 385 3792 temporibus
408 3711 538 3777 ccclesia
559 3729 671 3796 paucos
695 3711 862 3778 catholicos
893 3713 924 3776 et
952 3711 1122 3778 auctoritas
1145 3711 1243 3777 civilis
1266 3712 1436 3794 permultos

142 3862 144 3866 -
195 3811 355 3880 Christum
378 3816 556 3882 aversantes
579 3834 706 3880 munere
729 3815 932 3898 professorum
956 3809 1063 3880 ornare
1086 3813 1200 3898 possit:
1234 3816 1377 3899 Episcopi
1407 3817 1435 3883 ei

194 3916 315 3982 muneri
337 3937 388 3984 eos
411 3920 535 3984 tantum
558 3918 755 4003 praeficiant,
780 3918 887 4002 quiin
910 3919 1074 3984 excolenda
1097 3919 1252 4004 singulari
1274 3920 1436 4004 disciplina
1525 3969 1530 3978 .

207 4069 507 4084 w—--m—-e--uo-

303 4149 328 4208 1)
348 4146 441 4210 Negoti
462 4160 511 4200 uun
529 4152 620 4211 potest,
639 4147 755 4210 patrinos
774 4149 800 4200 in
818 4147 858 4200 his
876 4147 1032 4211 regionibus,
1051 4152 1078 4200 ut
1096 4147 1221 4201 intantum
1239 4149 1436 4212 praerromiuent

196 4237 221 4286 ei
240 4241 420 4294 muneremur.
446 4248 459 4286 a
480 4235 626 4297 pauentibus
644 4234 749 4288 assumi.
786 4233 879 4287 Salutis
898 4234 1041 4287 anicianum
1069 4236 1155 4300 iraque
1183 4236 1344 4288 incommoda
1365 4236 1434 4287 nulia

196 4321 325 4377 timenda.
348 4321 393 4374 sed
418 4321 585 4385 impediendis
611 4321 778 4374 matrimoniis
801 4316 879 4373 irritis
902 4323 1036 4374 ronruroda
1060 4323 1218 4388 expectanda
1237 4329 1311 4383 sunt,
1335 4321 1356 4374 si
1375 4333 1435 4385 cog·

195 4409 305 4462 ustionis
323 4409 461 4473 spiritualis
479 4409 691 4471 impedimentum
710 4395 846 4469 dirimens,
862 4407 920 4470 iure
940 4407 1056 4460 Romano
1075 4408 1142 4460 ciuili
1160 4407 1347 4467 introductum,
1369 4408 1436 4460 iuter

195 4494 312 4558 patrinos
335 4493 477 4557 baptizalus
496 4493 735 4558 baptizatorumque
754 4498 873 4558 parentes
892 4496 1041 4555 obrogatur.
1079 4496 1103 4547 id
1123 4494 1190 4560 quod
1213 4495 1266 4558 jam
1285 4495 1311 4546 in
1331 4493 1436 4546 concilio

196 4581 341 4634 Tridentino
360 4581 450 4634 Patres
469 4580 646 4643 intendebant,
665 4581 712 4634 sed
729 4581 829 4634 ratione
849 4579 986 4632 iiihcrniae
1004 4584 1102 4632 tautum
1131 4580 1198 4632 ducti
1217 4591 1269 4632 rron
1287 4579 1436 4643 effecerunt,

196 4665 278 4728 (teste
297 4663 408 4734 Ssorza
427 4664 620 4722 Pultovico‘nu'
637 4665 697 4718 hisi.
721 4678 792 4720 conc.
810 4665 901 4730 iride).
