3192 5008
249 289 313 368 {¹1ssss
357 309 393 364 vu
411 311 455 362 ev.
474 311 514 366 ts.
528 311 614 364 conso
632 307 737 379 aecae.
750 312 831 367 cecc
849 313 874 365 u.
894 314 934 366 m.
955 314 1008 368 oe.
1026 325 1108 378 orem.
1127 315 1151 367 c.
1171 315 1211 368 ao.
1230 315 1288 370 uec.
1310 317 1385 372 reos.

298 517 303 524 ·
347 480 405 546 ⁴10.
448 478 653 548 Absolventes
681 481 862 566 complicem
892 483 933 550 iu-
952 485 1078 566 peccato
1099 485 1186 570 turpi
1208 487 1304 552 etiam
1326 487 1359 552 in
1381 489 1491 554 mortis

247 565 390 643 *articula
414 565 442 630 si
463 565 542 632 alius
564 565 712 640 Sacerdos
733 569 814 634 licet
830 585 890 634 non
913 570 1164 653 adprobatusad
1186 574 1400 654 confessiones,
1424 575 1490 641 sine

248 653 337 736 gravi
360 651 464 735 'aliqua
486 653 638 719 exoritura
660 655 787 720 infamia
810 657 842 720 et
865 658 1025 738 scandalo,
1049 659 1147 742 possit
1170 661 1306 744 excipere
1328 662 1489 728 morientis

16 807 17 810 ,
126 821 129 826 Ι
248 737 539 806 confessionem.-

338 815 403 890 Ὶ11.
446 822 637 908 Usurpantes
652 828 708 892 aut
724 830 952 912 sequestrantes
964 794 1222 916 jurisdictionem,
1245 833 1336 913 bona,
1359 835 1488 914 reditus,
1579 869 1580 902 r

251 910 291 978 ad
314 929 458 1062 pensamus
480 912 704 1062 {eclesiasticae
726 915 846 1000 ratione
868 935 994 986 suarum
1015 919 1225 1003 Ecclesiarum
1251 922 1306 986 aut
1328 921 1490 986 beneficio-

246 1016 537 1082 mmmm

352 1085 400 1150 12.
437 1085 646 1164 Incedentes,
681 1085 892 1170 destruentes
927 1089 1100 1158 detinentes
1130 1067 1184 1176 per
1210 1111 1242 1159 se
1265 1092 1314 1159 vel
1335 1112 1390 1177 per
1413 1093 1488 1158 alies

247 1169 409 1250 Civitates,
433 1169 558 1252 Terras,
576 1172 644 1246 loca
666 1175 721 1239 aut
740 1173 812 1258 jura
835 1177 874 1242 ad
896 1175 1066 1252 Ecclesiam
1089 1179 1260 1246 Romanam
1282 1180 1488 1261 pertinentia;
1579 1187 1580 1194 ’

245 1257 295 1324 vel
331 1261 532 1342 usurpantes,
565 1256 798 1342 perturbantes,
832 1263 1001 1328 retinentes
1034 1283 1208 1348 supremam
1239 1265 1488 1348 jurisdictionem

244 1343 278 1410 in
300 1345 361 1423 eis;
395 1345 464 1410 nec'
483 1364 545 1411 non
578 1346 618 1412 ad
640 1347 763 1432 singula
785 1349 943 1432 praedicta
966 1349 1125 1431 auxilium,
1148 1351 1329 1432 consilium,
1352 1353 1488 1419 favorem

244 1432 436 1520 praebentes.
728 1483 737 1500 .
891 1493 893 1500 .
986 1459 1092 1522 .
1162 1487 1192 1514 ,.
1280 1497 1282 1502 ,

326 1515 378 1588 ‘A
400 1513 511 1606 quibus
544 1517 702 1592 omnibus,
720 1522 1085 1598 excommunicationibus
1118 1523 1178 1588 huc
1207 1543 1304 1608 usque
1327 1526 1487 1592 recensitis

245 1601 471 1674 absolutionem
493 1605 631 1672 Romano
655 1607 799 1674 Pontifici
822 1629 875 1692 pro
897 1603 1035 1694 tempore
1051 1609 1177 1693 speciali
1191 1609 1281 1676 modo
1296 1609 1486 1680 reservatam

245 1691 311 1758 esse
332 1689 367 1761 'et
387 1691 553 1774 reservari;
588 1695 620 1760 et
653 1713 706 1778 pro
741 1713 777 1760 ea
797 1695 972 1779 generalem
1007 1697 1234 1765 consessionem
1267 1697 1485 1765 absolvendis

245 1777 366 1844 casibus
389 1779 422 1844 et
444 1779 597 1857 censuris,
626 1779 690 1845 sive
719 1781 1082 1848 excommunicationibus
1105 1783 1243 1848 Romano
1267 1783 1412 1849 Pontifici
1432 1805 1484 1858 re·
1579 1825 1580 1860 ,

244 1865 374 1953 servatis
396 1865 481 1949 nullo
504 1871 595 1948 paeto
617 1866 757 1938 sufficere
775 1867 978 1948 declaramus,
1000 1871 1152 1940 revocatis
1168 1868 1291 1953 insuper
1307 1871 1485 1937 earumdem
1579 1901 1580 1956 4

244 1953 386 2034 respectu
408 1951 651 2040 quibuscumque
670 1947 813 2026 'indultis
848 1953 998 2023 concessis
1021 1957 1086 2030 suo,
1103 1956 1211 2039 quevis
1241 1957 1395 2025 formast
1418 1959 1486 2040 qui·
1579 2005 1580 2040 ,

242 2039 356 2116 bnsvis,
369 2033 507 2124 personis
525 2035 625 2104 ¹etiam
646 2039 854 2124 Regularibus
887 2041 1106 2132 cvrjuscumque
1140 2041 1282 2128 Ordinis,
1307 2042 1486 2130 Congrege-

242 2121 365 2208 tionis,
389 2123 553 2193 Societatis
575 2125 606 2190 et
628 2125 786 2206 instituti,
817 2127 913 2192 etiam
942 2127 1069 2212 speciali
1091 2129 1247 2194 mentione
1270 2127 1374 2214 dignis
1396 2133 1427 2196 et
1450 2132 1483 2196 in
1579 2129 1580 2156 ¹

241 2205 349 2296 quavis
383 2209 537 2297 dignitate
572 2209 765 2278 constitutis
799 2213 982 2294 ‚absolvere
999 2217 1121 2298 ¹autem
1154 2219 1388 2302 praesumentes
1418 2221 1484 2282 sine

241 2299 349 2378 debita
363 2292 536 2386 'insultate
566 2299 674 2366 etiam.
691 2299 798 2384 quovis
813 2291 1001 2388 praetextu,
1014 2301 1339 2378 excommunicationis
1362 2303 1483 2368 vinculo
1512 2323 1517 2328 ·

240 2375 553 2452 RonrairoPontifici'
566 2381 740 2452 reservatae
762 2385 924 2452 innodatos
946 2407 980 2453 se
1003 2381 1118 2468 sciant,
1137 2389 1302 2454 dummodo
1324 2409 1384 2454 non
1407 2410 1484 2474 aga·

239 2475 292 2542 tur
314 2472 352 2546 de
373 2471 483 2554 mortis
495 2471 648 2556 articulo,
668 2473 702 2538 in
724 2492 782 2558 quo
805 2474 910 2541 tamen
928 2475 1023 2562 ‚firma
1043 2475 1208 2560 sitqucad
1224 2477 1381 2556 absolutos
1404 2477 1483 2542 obli·

240 2554 454 2652 gatiostandi
475 2555 632 2652 mandatis
654 2557 820 2652 Ecclesiae,
849 2559 1119 2642 si'ccuvaluerint.
1209 2616 1211 2624 .

255 2691 614 2824 'Eeeommaeiectiones
636 2717 719 2804 ictuc
740 2719 907 2804 sententiae
930 2717 1074 2787 Romano
1095 2717 1242 2800 Pontifici
1263 2701 1451 2785 reservatae.

323 2838 658 2912 ‚excommunicationi
680 2839 763 2910 latae
785 2841 958 2910 saumatiae
978 2840 1117 2910 &mano
1137 2841 1282 2906 Pontifici
1305 2842 1482 2912 reservatae

144 2933 149 2942 ·
240 2925 399 3010 subjacere
421 2925 632 2992 declaramus:

271 3075 273 3084 .
312 3067 314 3072 .
344 3013 372 3080 l.
416 3013 569 3094 Doceutes
596 3015 647 3082 vel
675 3015 872 3084 defendentes
899 3014 978 3080 sive.
994 3015 1134 3098 publice,
1157 3014 1221 3080 sive
1243 3013 1390 3098 privatim
1411 3032 1483 3096 prc-

238 3097 417 3182 positiones
426 3097 476 3168 eb,
490 3099 670 3184 Apostolica
693 3101 778 3172 Sede.
793 3102 958 3171 damnatas
971 3103 1029 3168 s'ub
1045 3099 1368 3169 excommunicationis
1383 3117 1483 3182 poena

236 3185 336 3263 latae»
350 3185 654 3263 senteuticeaitem
686 3187 830 3256 docentes
863 3187 913 3252 vel
940 3187 1143 3257 temnentes
1177 3188 1326 3268 tanquam
1360 3185 1482 3250 licitam

236 3271 356 3354 praxim
377 3272 552 3356 inquirendi
575 3293 594 3338 a
615 3274 791 3356 poenitente
814 3292 926 3340 nomen
948 3273 1114 3358 complicis
1135 3273 1410 3354 prouti'damnata
1433 3275 1483 3336 est

237 3357 447 3434 ananciten
471 3359 561 3430 XIV.
585 3359 618 3426 in
640 3358 745 3426 doust.
767 3360 923 3444 Supremo
950 3361 988 3426 7..
1002 3349 1090 3428 iulii
1107 3359 1200 3425 1745.
1250 3357 1312 3425 Ubi
1333 3360 1480 3440 primam
1579 3403 1580 3454 ,

238 3445 268 3510 2.
292 3445 498 3518 cenitense.
541 3447 846 3517 Actaeaeacteae
868 3448 919 3512 28.
941 3445 1129 3528 Septembris
1154 3445 1248 3510 1746.

324 3535 369 3601 ,2.
391 3579 393 3584 -
412 3531 577 3601 violentes
597 3550 724 3611 manns,
748 3533 897 3602 suadente
919 3531 1057 3610 diabolo,
1079 3531 1254 3614 injicientes
1276 3531 1310 3598 in
1332 3529 1479 3610 Clericus,
1579 3539 1580 3596 J

235 3617 284 3683 vel
307 3619 468 3702 utriusque
491 3637 579 3684 sexus
602 3619 787 3698 Monachus,
811 3618 944 3701 exceptis
965 3619 1066 3701 quoad
1095 3617 1335 3684 reservationem
1357 3617 1482 3684 casibus
1579 3625 1580 3660 ³

236 3705 270 3782 ot
290 3707 445 3788 personis,
471 3705 643 3790 dequibus
663 3707 734 3790 jure
755 3705 805 3772 vol
826 3704 1223 3789 privilegic'permittitur,
1254 3705 1291 3768 ut
1312 3704 1482 3788 Episcopus
1579 3709 1580 3730 ¹

234 3793 292 3864 aut
313 3791 566 3867 aliusabsolvat.
775 3857 778 3862 ,
829 3855 832 3860 r
1059 3829 1062 3834 ·

338 3881 368 3948 3.
414 3879 562 3947 Duellum
584 3879 808 3964 perpetrantes,
830 3880 886 3943 aut
907 3877 1090 3961 simpliciter
1112 3877 1153 3942 ad
1175 3876 1253 3946 illud
1268 3877 1480 3960 provocantes,

235 3965 284 4038 vel
308 3965 415 4049 ipsum
431 3967 645 4050 acceptantes,
676 3967 720 4032 et:
736 3965 897 4048 ,quoslibet
930 3963 1107 4048 complices,
1141 3964 1191 4030 vel
1224 3963 1481 4047 qualemcumque

194 4071 195 4074 ¹
236 4069 360 4134 operam
395 4055 450 4118 aut
483 4054 618 4124 levorem
651 4051 851 4140 praebentes,
885 4070 942 4119 uec
973 4066 1034 4130 nou
1056 4049 1093 4115 de
1115 4049 1269 4120 industria
1291 4051 1479 4133 spectantes,

233 4138 373 4223 illudque
394 4139 621 4223 permittentes,
643 4139 694 4208 vel
715 4139 865 4224 qnantum
888 4137 1006 4205 inillis
1029 4139 1087 4216 est,
1109 4155 1170 4204 non
1191 4135 1400 4220 prohibentes,
1424 4155 1480 4202 cu-

231 4225 416 4310 juscumque
438 4225 698 4311 dignitatis-sint,
722 4225 817 4297 ctiam
839 4225 959 4310 regalis,
974 4223 1024 4290 vel
1045 4223 1225 4306 imperialis.

240 4348 243 4360 ι
280 4375 282 4380 ,
335 4313 386 4380 da·
413 4313 535 4383 Nomen
569 4313 805 4381 dantessectae
827 4311 1047 4388 Messanicus,
1081 4311 1138 4380 aut
1159 4307 1391 4390 Ocrbmcrice,
1422 4309 1480 4374 aut

232 4397 304 4472 aliis
336 4399 484 4484 ejusdem·
508 4400 631 4484 generis
660 4399 769 4470 sectis
789 4417 868 4482 quae
901 4398 1009 4463 contra
1030 4395 1202 4466 Ecclesiam
1235 4395 1295 4462 vel·
1315 4395 1479 4481 legitimas

231 4487 402 4569 potestates
424 4501 485 4557 sen‘
500 4485 914 4570 palern„seu.2elandestine
927 4481 1179 4562 machinantur,
1202 4501 1261 4548 nec
1283 4501 1344 4550 nou
1364 4481 1480 4548 iisdem

231 4573 324 4638 sectis
357 4575 498 4646 levorem·
528 4573 785 4658 qualemcumque
815 4571 1027 4654 praestantem
1059 4583 1220 4639 earumve
1241 4570 1376 4636 occultos
1397 4569 1480 4634 cori-

233 4659 347 4748 phaeos
370 4678 406 4725 ac
428 4659 522 4728 duces
544 4680 604 4728 non
629 4658 861 4738 denunciantes,
885 4656 980 4724 donec
1002 4655 1347 4724 nonde'nnncieverint.
