3160 5010
221 339 285 404 452
331 352 485 426 Blitaseid,
508 353 882 414 1111’.111111111111111111
901 351 947 411 ruf
963 359 1004 412 die
1024 351 1054 410 17
1073 351 1172 424 irenen
1191 349 1238 411 der
1256 353 1348 423 congr.
1367 351 1465 413 conen.

223 530 293 595 Non
314 547 413 612 pauca
435 528 515 594 eninr
540 528 620 594 rnala
643 548 678 594 11
701 548 843 614 perversa
867 529 1113 613 nupturientium
1130 529 1289 596 voluntate
1312 529 1464 613 originem

223 633 356 698 ducunt:
380 653 407 696 v.
432 651 478 716 gr.
502 631 528 698 si
552 635 712 699 contractu
735 634 820 698 civili
843 633 999 710 contenti,
1026 633 1253 698 sacramentum
1283 632 1382 714 ipsum
1410 651 1465 697 ne·

196 722 198 731 ’
224 737 343 820 gligere
366 737 515 814 audeant,
539 736 633 802 r'el'si
656 739 791 822 legitimi
822 738 984 822 conjuges,
1007 737 1107 802 soluto
1131 740 1162 818 (a
1184 736 1335 820 regimine
1358 755 1465 800 saecu·

225 841 296 924 lari)
320 843 480 906 contractu
503 841 598 917 ciuili,
621 842 707 907 nulla
730 841 844 908 vinculi
866 840 1102 906 matrimonialis
1124 840 1243 905 ratione
1265 839 1383 918 habita,
1409 859 1465 905 uo·

225 963 297 1010 vum
327 946 518 1010 contractum
545 963 647 1012 eoram
678 945 763 1011 civili
790 945 939 1030 gubernio
969 945 1087 1011 ineant.
1139 941 1258 1024 Quibus
1287 943 1319 1007 in
1342 942 1464 1008 casibus

225 1051 362 1132 potestas
385 1049 484 1114 civilis
507 1049 744 1115 oorrcnbinatum
767 1051 913 1134 adjurat,
940 1047 1128 1133 indulgendo
1157 1047 1258 1112 malae
1281 1046 1465 1112 contrahen-

226 1153 305 1218 tiurn
338 1153 500 1218 uoluntati.
553 1153 713 1236 Ejusmodi
748 1154 831 1219 mala
860 1155 991 1220 maxime
1020 1151 1208 1236 deploranda
1236 1152 1387 1218 removeri
1414 1151 1464 1217 uel

223 1255 335 1320 saltem
351 1255 448 1320 minui
470 1259 599 1339 pessunt
615 1257 778 1341 vigilantia
793 1257 950 1341 pastorali,
974 1257 1024 1340 pia
1040 1275 1075 1322 11
1090 1256 1236 1340 diligenti
1256 1255 1464 1332 inst'tutione,

222 1359 436 1425 adhortatione
471 1363 503 1426 et
536 1349 761 1439 admonitione,
794 1363 836 1442 et,
870 1361 897 1428 si
930 1379 1005 1445 opus
1038 1361 1096 1439 sit,
1129 1360 1266 1424 censuris
1300 1361 1332 1424 et
1359 1358 1465 1441 poeuis

221 1463 384 1530 canonicis.

324 1567 397 1633 'Alia
418 1567 502 1633 111111
524 1568 703 1634 immediate
726 1571 758 1635 et
781 1569 898 1634 directe
921 1587 956 1634 er
979 1567 1176 1634 matrimonio
1199 1567 1283 1633 civili
1310 1566 1464 1644 oriuntur,

220 1667 289 1753 lege
312 1671 393 1736 enirn
418 1672 551 1736 vetitum
574 1675 631 1751 est,
655 1692 692 1738 ne
715 1673 888 1738 sacerdotes
919 1671 1116 1738 matrimonio
1145 1671 1353 1736 contrahendo
1383 1690 1462 1754 quo-

221 1793 340 1858 cunqne
363 1774 452 1839 modo
475 1776 637 1856 assistant,
669 1778 726 1841 nisi
756 1776 840 1860 prius
869 1776 1048 1842 testimonio
1078 1777 1191 1859 scripto
1222 1776 1384 1859 probatum
1410 1777 1463 1854 sit,

220 1873 412 1942 contractum
437 1879 559 1944 civilem
583 1899 685 1946 coram
707 1883 848 1964 praetore
866 1881 932 1964 jam
956 1881 1067 1946 initum
1091 1899 1167 1946 esse,

324 1981 409 2047 Haec
431 1983 489 2061 lex,
511 2003 589 2066 quae
611 1985 836 2068 susceptionem
859 1986 1046 2050 sacramenti
1066 1985 1152 2050 actui
1174 2003 1256 2050 mere
1280 1983 1363 2048 civili
1386 1983 1464 2052 sub·

218 2085 298 2169 jieit,
322 2087 370 2150 est
392 2087 547 2152 contraria
569 2087 709 2153 libertati
732 2089 880 2154 ecclesiae
910 2090 940 2153 in
971 2088 1240 2154 administratione
1269 2087 1464 2154 Sacrarneuti

219 2193 251 2253 et
283 2189 381 2254 laedit
399 2191 452 2273 jus
486 2190 625 2256 divinum
659 2193 815 2258 eeclesiae.
840 2193 956 2258 11111111
980 2192 1081 2258 multa
1103 2192 1275 2276 gignuntur·
1301 2191 1386 2255 nrala
1410 2211 1464 2274 pro

220 2293 373 2360 fidelibus.
418 2293 488 2358 Non
510 2314 579 2360 raro
602 2296 684 2360 enim
706 2295 758 2374 iit,
788 2298 824 2361 ut
852 2298 977 2380 propter
1006 2295 1131 2380 aliquod
1160 2295 1360 2360 obstaculum
1377 2315 1463 2363 mere

219 2397 308 2461 civile
332 2399 508 2464 contractus
531 2417 633 2463 coraru
656 2402 796 2482 praetore
820 2401 875 2464 aut
898 2399 1014 2464 differri
1036 2398 1148 2464 debeat
1170 2399 1226 2462 aut
1240 2398 1364 2464 omniuo
1380 2417 1461 2464 nun·
1564 2389 1565 2442 ³

219 2519 310 2582 quarn
341 2499 414 2564 iniri
448 2501 546 2583 possit
569 2505 600 2565 et
622 2501 735 2566 idcirco
757 2503 850 2566 etrarn
874 2500 1108 2567 Sacramentum
1128 2501 1318 2568 matrimonii
1341 2504 1462 2584 sponsis

218 2603 416 2668 asacerdote
439 2603 652 2688 denegandum
677 2606 728 2671 sit.
772 2606 817 2670 Ex
848 2605 904 2670 lroc
936 2609 1040 2671 autern
1063 2623 1122 2670 non
1144 2625 1214 2670 raro
1237 2605 1462 2670 concubinatus

218 2708 369 2786 irascitur,
404 2709 456 2790 qui
491 2711 523 2772 et
556 2707 650 2772 saluti
676 2709 850 2774 aninmrunr
878 2712 909 2774 et
937 2709 982 2774 rei
1009 2709 1150 2792 publicae
1184 2709 1371 2792 perniciosus
1400 2713 1460 2775 est.
1563 2765 1564 2796 ,

217 2811 403 2894 Hujusruodi
426 2811 509 2876 mala
532 2812 666 2876 11111111
689 2832 749 2876 nou
771 2813 908 2894 possunt,
932 2813 992 2878 nisi
1015 2811 1064 2878 lex
1084 2813 1146 2877 ista
1161 2813 1284 2878 tollitur
1308 2815 1339 2878 et
1361 2813 1456 2880 eccle-

217 2916 281 2980 siae
315 2915 413 2980 libera
445 2915 673 2980 administratio
701 2917 892 2981 Sacramenti
926 2917 1117 2982 matrimonii
1146 2916 1299 2983 redditur.
1350 2919 1459 3001 ltaque

216 3017 418 3094 adnitendum
440 3018 510 3097 erit,
533 3020 569 3084 ut
590 3018 638 3084 lex
661 3019 699 3084 de
727 3020 924 3085 matrimonio
947 3021 1032 3086 civili
1058 3021 1233 3106 abrogetur.
1562 3103 1563 3118 χ

321 3122 468 3204 Quaestio
490 3121 552 3188 IV.
597 3123 634 3185 ln
657 3121 796 3188 Dioecesi
822 3122 881 3188 hac
905 3122 1051 3206 Spirensi,
1075 3124 1162 3208 cujus
1192 3123 1290 3208 major·
1317 3144 1389 3208 pars
1412 3126 1463 3190 iu·

217 3225 353 3290 11111111
376 3226 495 3292 haeresi
512 3226 643 3299 ,addicta
666 3231 724 3305 est,
745 3246 836 3310 super·
859 3228 1065 3294 matrimoniis
1087 3229 1208 3308 mixtis,
1235 3248 1313 3313 quae
1336 3230 1463 3314 saepius
1561 3311 1562 3316 Ἰ

217 3333 382 3394 occurrunt
404 3333 436 3395 et
458 3330 547 3413 plane
570 3326 723 3414 prohiberi
746 3333 811 3396 sine
833 3332 944 3415 majori
968 3333 1142 3398 animarum
1172 3333 1283 3398 darnno
1310 3335 1361 3398 rix
1389 3354 1464 3417 pos·
1561 3341 1562 3410 Ξ

216 3435 303 3512 1111,
333 3451 369 3498 ex
391 3433 557 3517 apostolica
578 3434 729 3501 facultate
756 3437 787 3501 11
817 3435 985 3500 secuudum
1013 3435 1229 3502 instructiones
1256 3455 1274 3501 a
1297 3436 1328 3504 S.
1352 3440 1462 3522 sipost.

217 3539 306 3602 datas
329 3537 534 3622 dispensatur.
579 3539 724 3605 Huncin
746 3539 836 3604 finem
861 3541 982 3622 praeter
1005 3540 1066 3606 alia
1086 3560 1105 3604 1
1126 3541 1379 3625 nupturientibus
1395 3545 1461 3608 exi-

217 3643 321 3723 gitur,
351 3644 387 3705 ut
410 3643 604 3707 contractum
632 3643 738 3709 incant
762 3647 794 3708 et
816 3645 1012 3709 subscribant
1034 3645 1066 3710 et
1089 3644 1208 3710 duobus
1230 3645 1363 3710 testibus
1387 3664 1461 3710 con·
1560 3717 1561 3722 ,

217 3746 351 3822 firment,
374 3764 406 3810 se
427 3765 531 3812 onmes
554 3746 665 3811 liberos
686 3767 756 3812 suos
778 3747 812 3811 iu
834 3747 983 3832 religione
1013 3747 1166 3813 catholica
1186 3748 1369 3814 educaturos
1392 3768 1462 3814 esse

217 3851 249 3913 et
271 3850 309 3912 ab
333 3847 497 3914 Ordinatio
519 3870 675 3934 nunquam
699 3851 910 3934 dispensatur,
941 3852 1000 3916 nisi
1028 3852 1113 3936 prius
1135 3851 1193 3917 hoc
1215 3851 1461 3918 instrumentum
1560 3853 1561 3870 ¹

218 3953 477 4020 communicatura
500 3954 604 4021 fuerit.

321 4057 505 4141 Plerumque
544 4058 691 4123 ecclesiae
726 4057 926 4143 praescriptio
967 4059 1198 4142 obtemperatur
1230 4061 1264 4124 et
1300 4059 1463 4125 cautiones

114 4221 116 4226 ,
217 4161 309 4226 datae
332 4163 437 4228 sarreia
461 4160 688 4246 diligenterque
711 4163 929 4246 adimplentur.
975 4163 1134 4228 Interdum
1158 4183 1230 4229 vero
1257 4163 1296 4228 ab
1320 4163 1364 4228 eis
1392 4181 1462 4228 111-

217 4265 324 4332 randis
352 4267 424 4351 p'a'rs
451 4265 607 4330 haeretica
633 4285 665 4331 11
695 4265 863 4332 subducere
892 4267 1028 4333 conatur.
1075 4264 1107 4330 Si
1137 4267 1242 4350 itaque
1270 4265 1459 4332 connubium

216 4371 348 4436 mixtum
381 4389 484 4436 eoram
516 4370 658 4436 ministro
691 4370 846 4436 haeretico
879 4372 944 4437 sine
974 4372 1041 4436 ulla
1067 4371 1208 4438 cautione
1230 4369 1268 4435 de
1291 4368 1462 4436 educandis

216 4475 322 4539 liberis
346 4474 538 4540 contrahitur·
560 4475 609 4538 vel
631 4475 658 4539 si
681 4475 851 4558 praemissa
873 4476 977 4542 cautio
1000 4495 1060 4541 non
1083 4474 1281 4558 adimpletur,
1304 4473 1341 4538 de
1364 4473 1425 4539 lroc
1443 4494 1462 4540 a

217 4575 358 4658 parochis
382 4577 420 4641 ad
443 4575 640 4642 Ordinarinm
663 4577 811 4658 defertur,
833 4581 942 4664 quire
965 4577 1089 4664 cognita
1111 4597 1169 4645 nou
1192 4576 1363 4645 formaliter
1386 4598 1463 4644 cen-

218 4697 322 4744 suram
346 4679 667 4746 excommunicationis
691 4681 841 4768 infligere,
862 4684 914 4750 sed
937 4681 1123 4751 catholicam
1151 4685 1273 4770 1111111
1294 4681 1417 4750 tamdiu
1443 4704 1463 4750 1
