3152 5014
413 305 484 359 cerr.
503 321 524 358 s.
543 307 638 371 congr.
657 307 801 370 indulgent.
819 307 844 359 o.
865 305 903 360 ro.
921 303 980 359 turo
1001 305 1073 358 reor.
1304 279 1364 348 158

230 477 287 544 Ad
314 475 390 544 VII.
414 473 565 541 Monialos
586 491 648 539 non
671 471 896 557 comprehendi.

227 581 284 648 Ad
304 579 400 647 VIII.
423 578 587 665 Negotiis,
611 579 644 643 et
667 578 699 644 in
715 577 816 644 lestis
838 575 956 662 primae
979 574 1086 642 classis
1109 573 1170 640 dici
1191 572 1284 639 debet
1307 571 1364 638 sub

121 688 219 753 unico
241 687 434 754 conclusione
448 685 491 770 1);
521 684 553 748 in
575 683 677 749 lestis
706 701 778 748 vero
812 681 965 748 secundae
988 678 1104 746 Classis
1134 697 1203 745 cnm
1227 677 1365 760 proprio

121 791 330 857 conclusione.

227 893 331 978 Atque
353 893 400 959 ita
422 890 655 977 rescripserunt.
700 889 760 956 Die
781 891 812 956 3.
835 889 913 957 Julii
939 889 1032 954 1869.

227 998 324 1064 Facta
347 997 452 1062 eutem
482 1014 536 1079 per
562 1013 613 1060 me
642 993 874 1077 infrascriptum
902 991 1107 1059 Secretarium
1129 991 1167 1056 de
1188 990 1365 1075 praemissis

120 1100 327 1168 Sanctissimo
351 1101 481 1166 Domino
502 1100 606 1166 nostro
629 1098 686 1164 Pio
702 1099 805 1182 Papae
827 1097 986 1176 relatione,
1011 1094 1167 1162 Sanctitas
1179 1093 1241 1160 Sue
1252 1095 1364 1162 Sacrae

12 1253 13 1270 .
119 1205 381 1291 Congregationis
403 1222 548 1288 response
571 1201 762 1286 approbavit,
785 1201 978 1268 confirmavit
1001 1220 1037 1266 ac
1060 1199 1175 1266 servari
1193 1199 1363 1268 mandarit.

118 1309 179 1375 Dic
206 1311 235 1374 8.
259 1309 370 1374 iisdem
393 1327 499 1374 mense
522 1309 553 1373 ct
577 1326 666 1374 anno.

229 1412 261 1480 O.
285 1413 385 1498 Epist.
409 1413 553 1478 Portuen
577 1411 609 1477 et
631 1410 662 1478 S.
686 1411 815 1477 Rufinus
839 1410 928 1478 Gard.
954 1409 1081 1478 Potrici
1103 1409 1133 1476 S.
1150 1411 1186 1476 lt.
1204 1407 1237 1474 C.
1262 1408 1364 1475 Praei.

331 1516 411 1582 Loco
434 1518 456 1599 †
478 1514 577 1601 Signi.

560 1619 741 1686 Dominicus
763 1619 929 1688 Bortotinc'
951 1619 982 1686 S.
1006 1621 1042 1685 R.
1065 1619 1098 1686 G.
1122 1616 1320 1684 Secretarius.

119 1784 151 1844 4.
200 1775 370 1844 Decretum
398 1797 423 1841 s.
456 1773 711 1860 Concreputc'ont'e
741 1776 1017 1860 Inolntpentn'ornnc
1041 1777 1071 1842 d.
1095 1782 1145 1843 10.
1168 1775 1255 1843 Jnlt't'
1278 1779 1364 1842 1869

312 1928 314 1932 .
421 1883 452 1932 de
469 1882 568 1944 jejunio
588 1887 614 1934 et
632 1883 798 1936 facultatibus
815 1889 932 1946 tempore
951 1883 1066 1935 lnbilaei.

9 2013 11 2032 .
227 1967 330 2032 udicis
345 1966 479 2032 'Litteris
501 1967 688 2050 Apostoliois
711 1968 744 2032 in
766 1967 865 2033 forma
880 1968 988 2033 Brevis
1011 1968 1060 2033 die
1078 1969 1126 2033 11.
1139 1967 1256 2052 Aprilis
1272 1969 1364 2048 1869,

119 2073 234 2157 quibus
265 2071 483 2137 sanctissimus
513 2071 552 2137 D.
576 2073 615 2138 N.
640 2071 734 2138 PlUS
758 2073 820 2136 ΡΡ.
847 2072 901 2137 ΙΧ.
933 2073 1074 2138 omnibus
1105 2071 1365 2138 Christifidelibus

120 2175 356 2260 Indulgentiem
388 2175 567 2242 Pleneriam
592 2177 634 2242 in
666 2177 766 2243 forma
799 2176 938 2243 Jubilaoi
976 2177 1133 2242 occasione
1169 2177 1365 2243 Occumenici

121 2279 254 2347 Concilii
276 2279 435 2358 concessit,
457 2279 530 2345 huic
552 2279 582 2346 S.
607 2280 848 2367 Congregationi
870 2281 1140 2366 Indulgentiarum
1162 2282 1194 2346 et
1217 2281 1263 2348 Ss.
1279 2281 1365 2347 Reli-

80 2465 84 2476 1
120 2385 265 2471 quietum
286 2384 483 2468 infrascripta
505 2385 661 2468 proposita
683 2387 755 2451 sunt
778 2385 890 2464 dubia,
920 2386 1102 2470 praesertim
1132 2385 1213 2451 circa
1236 2387 1365 2471 jejunio,

121 2510 201 2573 quae
225 2487 448 2555 comtifioeles
479 2507 601 2556 servare
629 2491 758 2571 debent,
789 2491 825 2556 ut
847 2490 1079 2574 indulgentiam
1108 2489 1201 2574 hujus
1228 2491 1365 2558 Jubilaoi

120 2593 237 2660 lucrari
270 2592 404 2659 valeant.
450 2592 568 2673 Quibus
598 2595 705 2662 sedulo
734 2595 891 2679 perpensis
922 2593 952 2660 S.
977 2593 1201 2680 congregatio,
1231 2595 1364 2681 benigne

121 2699 278 2765 annuente
301 2696 502 2764 Sanctissimo
514 2697 655 2777 Domino,
672 2699 916 2783 respondendum
937 2698 1058 2764 censuit
1078 2701 1169 2782 prout
1190 2700 1364 2783 respondet.

225 2801 307 2870 Dnd.
330 2799 359 2867 I.
383 2801 560 2867 Inconrussi
580 2802 660 2886 juris
681 2803 739 2883 est,
761 2801 902 2886 operibus
926 2803 1003 2869 alias
1026 2803 1197 2888 praeceptis
1219 2803 1365 2870 satisfieri

119 2927 185 2972 non
217 2924 305 2989 posse
338 2904 522 2990 obligationi
555 2905 593 2971 de
628 2906 770 2990 operibus
800 2905 949 2990 injunctis
971 2905 1011 2972 ad
1035 2907 1235 2992 acquirendas
1258 2907 1364 2974 Indul-

121 3009 254 3094 gentias,
275 3007 335 3074 nisi
355 3009 440 3074 eliud
461 3009 581 3075 constet
603 3029 741 3093 expresse
758 3009 796 3074 de
811 3012 914 3076 mente
927 3011 1139 3089 concedentis;
1163 3009 1364 3076 nihilominus

120 3134 177 3198 pro
199 3113 258 3178 hoc
280 3113 425 3179 Jubilaeo
448 3113 547 3178 oritur
568 3113 706 3192 dubium,
741 3114 814 3198 quia
835 3115 868 3179 in
890 3115 1018 3180 Litteris
1039 3115 1226 3200 Apostolicis
1247 3113 1365 3198 legitur

120 3223 270 3302 ,praeter
300 3225 445 3284 contnuo
475 3225 608 3300 quotuor
637 3219 715 3283 onnc'
744 3225 903 3300 nonnoso,
933 3219 1034 3286 tribus
1055 3219 1163 3286 dietus
1184 3219 1279 3286 ettam
1300 3239 1363 3285 non

121 3321 294 3400 continuis,
325 3343 433 3404 nempe
465 3327 579 3404 qnorlo
608 3327 637 3386 et
665 3328 754 3387 sento
782 3323 885 3403 ferta,
911 3329 940 3388 et
967 3323 1095 3390 soctan
1116 3324 1364 3407 jejnnnoerc'oot.“

121 3425 297 3508 Quaeritur,
322 3445 361 3491 en
383 3424 531 3490 standum
553 3424 594 3489 sit
617 3426 742 3507 repnlne
763 3427 914 3508 onerati,
945 3427 991 3492 ita
1019 3428 1056 3492 ut
1083 3426 1122 3492 ad
1146 3426 1289 3492 effectum
1312 3426 1361 3492 lu-

121 3530 229 3596 orandi
251 3529 484 3616 Indulgentiam
506 3550 610 3596 omnes
633 3530 699 3594 dics
718 3529 830 3614 jejunii
853 3530 892 3595 ad
909 3529 989 3616 quod
1012 3531 1141 3616 quisque
1156 3531 1290 3610 tenetur,
1314 3529 1364 3596 vel

121 3631 187 3700 dics
208 3633 320 3718 jejunii
342 3640 478 3717 qnntnor
501 3634 580 3700 onnc‘
601 3626 773 3716 tempornrn
795 3635 963 3701 dorminnac
985 3634 1208 3700 excludantur?

227 3789 254 3858 l)
272 3791 297 3844 1.
318 3793 398 3845 Etiam
417 3791 443 3844 in
461 3790 639 3845 Dominicis
667 3793 694 3844 et
712 3790 829 3858 Fet-tie,
858 3805 924 3858 quoe
951 3807 1050 3846 conum
1077 3794 1202 3846 tanturn
1229 3793 1365 3846 admittunt

120 3880 270 3934 orationem
290 3879 327 3940 (e.
347 3893 372 3942 g.
391 3879 481 3944 vigilie
500 3879 644 3932 Nativitatis
662 3880 690 3932 b.
710 3879 739 3933 11.
752 3880 777 3933 1.
794 3881 821 3934 c.
841 3884 864 3934 et
884 3881 1016 3934 dominica
1034 3875 1194 3945 leimarum]
1207 3880 1319 3932 collecta
1332 3880 1365 3932 de

119 3966 214 4030 spirito
232 3968 257 4019 S.
275 3966 336 4020 huic
354 3966 467 4019 Orationi
486 3967 588 4021 additur
605 3967 652 4020 sub
671 3980 738 4020 nna
756 3967 929 4020 conclusione.
954 3993 987 4004 -
1011 3965 1037 4019 2.
1056 3967 1083 4019 ln
1109 3965 1209 4020 Fceris
1227 3965 1250 4018 Ι.
1270 3969 1301 4020 cl
1321 3978 1364 4020 oc·

120 4051 280 4106 comentibus
298 4053 323 4106 in
343 4051 520 4116 Domtntca,
539 4053 653 4106 collecta
672 4053 704 4105 de
722 4055 816 4117 Spiritu
835 4055 927 4107 Sancto
944 4053 1123 4118 conjungenda
1148 4057 1187 4106 est
1207 4065 1365 4107 commemo·

118 4139 212 4192 rationi
233 4135 426 4192 Domdntcae.
453 4168 486 4176 -
511 4138 538 4192 3.
564 4139 588 4192 Sl
615 4137 692 4192 Missa
718 4141 863 4193 celebretur
888 4151 934 4204 pro
958 4143 997 4193 ss.
1016 4143 1183 4193 sacramento
1203 4137 1365 4204 exponendo,

119 4227 161 4276 vel
180 4237 267 4278 comm
287 4227 379 4279 eodem
399 4227 534 4290 exposito,
553 4226 769 4280 commemoratio
788 4228 826 4280 ss.
844 4228 1002 4280 sacramenti
1026 4227 1157 4292 praecedit
1175 4227 1314 4280 colestem
1332 4227 1364 4278 de

119 4311 215 4374 Spiritu
234 4313 337 4366 Sancto.
365 4337 400 4348 -
426 4312 453 4364 4.
482 4313 508 4366 Si
526 4313 552 4364 in
570 4313 651 4376 lestis
669 4313 689 4366 1.
708 4314 754 4375 cl..
780 4326 847 4366 non
864 4313 1057 4367 occurrentibus
1081 4315 1107 4367 in
1125 4311 1270 4376 dominice,
1288 4310 1365 4364 Misso

119 4399 266 4452 celebretur
292 4411 339 4462 pro
367 4401 405 4452 ss.
434 4400 602 4452 sacramento
631 4399 786 4463 exponendo
814 4399 856 4452 vel
884 4411 970 4452 coram
999 4401 1089 4452 eodern
1109 4397 1228 4462 exposito
1247 4395 1365 4464 [Eucbol.

120 4485 166 4538 tol.
186 4486 228 4538 et.
247 4487 279 4537 de
298 4486 323 4537 S.
343 4485 437 4538 diliciis
457 4482 529 4552 etc),
549 4490 601 4538 tarn
621 4485 838 4539 commemoratio
857 4487 889 4538 de
908 4487 947 4536 ss.
966 4489 1134 4538 sacramento
1155 4497 1232 4552 quam
1251 4485 1365 4538 collecta

119 4572 152 4622 dc
178 4571 275 4632 spiritu
303 4573 396 4625 Sancto
415 4572 525 4626 addatur
553 4573 667 4625 orationi
694 4573 761 4624 Festi
779 4573 829 4632 sub
856 4573 1097 4638 unaconclusione;
1125 4577 1151 4624 et
1178 4571 1307 4625 conclusio
1337 4571 1365 4626 dt

119 4657 338 4720 onencdnocnn
356 4657 540 4722 praescribitur
559 4670 606 4722 pro
625 4659 737 4712 collecte
756 4659 788 4710 de
807 4660 832 4710 S.
851 4659 954 4723 spiritu.
