3192 5008
231 307 294 374 306
338 323 493 394 Blitaseld,
515 328 596 378 16616,
615 323 753 376 deutscher
770 321 889 376 Bischble
907 323 955 376 aul
970 323 1012 376 dle
1032 323 1064 376 17
1081 323 1179 387 Fragen
1198 325 1244 376 der
1263 325 1356 388 congr.
1376 325 1474 378 concil.

231 498 422 578 6666111,6
401 499 617 582 6166666666
650 495 735 580 leges
770 493 875 560 civiles
908 493 1020 559 instiut
1021 493 1138 560 tionem
1160 496 1301 562 veterum
1320 495 1473 562 Ordinum

229 606 320 689 longe
355 602 561 668 difficiliorem
594 602 743 678 reddant,
778 619 870 682 qurum
894 619 1041 666 novarum
1065 599 1364 686 Congregationum,
1393 622 1474 685 quae

163 724 169 743 ¹
229 709 351 774 nonnisi
372 727 409 774 ro
411 707 452 772 tis
475 705 666 789 simplicibus
690 707 762 770 6661
787 704 917 768 obstt
842 706 901 768 tue
903 706 962 770 tae.
1007 705 1216 772 Nihilominus
1240 726 1362 787 censeo,
1387 727 1474 772 sum·

165 871 169 877 .
229 829 353 896 mopere
375 829 441 876 6666
463 809 677 894 exoptandum,
700 810 813 892 61666
836 808 922 874 novis
945 809 1040 874 etiam
1065 809 1365 895 Congregationibus
1388 812 1473 895 Apo-

1583 243 1585 350 l

230 913 465 981 6161166686116
488 914 667 998 approbatio
690 913 881 998 efflagitetur
903 915 935 978 61
957 913 1145 993 obtineatur,
1169 915 1474 998 66661661666616
1585 985 1586 988 ¹

231 1020 405 1112 conditione
447 1019 619 1084 stabilitate
653 1020 685 1084 et
719 1018 866 1084 firmitate
901 1019 986 1084 certa
1020 1009 1136 1084 exstrui
1158 1021 1286 1103 possunt
1312 1020 1475 1103 omnisque

230 1123 386 1190 vacillatio
408 1124 516 1188 nociva
538 1123 705 1188 devitatur.

333 1229 481 1312 Quaestio
506 1228 570 1294 XI.
617 1226 693 1293 Oum
722 1227 814 1310 hujus
840 1227 997 1292 Ecclesiae
1019 1225 1214 1294 Oathedralis
1245 1227 1414 1311 capitulum
1438 1249 1470 1295 a.

173 1360 176 1367 ·
232 1334 314 1399 1845
348 1333 448 1416 primo
483 1331 632 1396 vicarium
666 1329 869 1414 capitularem
891 1330 1037 1414 eligeret,
1069 1349 1139 1404 cum
1168 1330 1315 1396 libertate
1345 1332 1473 1416 quidem

229 1437 388 1522 processit,
410 1456 464 1520 pro
487 1437 584 1502 electo
607 1437 713 1502 autem
734 1435 849 1500 vicario
871 1435 971 1519 Regia
992 1435 1184 1500 confirmatio
1206 1435 1267 1500 luit
1289 1438 1470 1518 expetenda.

230 1543 267 1606 In
289 1542 429 1608 futurum
451 1559 522 1606 6666
545 1559 598 1623 666
619 1540 778 1624 principiis
801 1559 881 1604 nunc
903 1541 1051 1623 temporis
1078 1539 1257 1623 uigentibus
1279 1541 1337 1606 tali
1359 1543 1474 1606 contir-

230 1646 365 1712 matione
387 1646 486 1730 Regia
508 1646 594 1712 nullo
616 1644 705 1710 modo
729 1645 789 1710 erit
812 1663 897 1729 6666,
919 1645 966 1710 116
989 1646 1102 1710 61666
1126 1647 1198 1710 6616
1213 1645 1396 1713 electionem
1415 1665 1474 1711 666

229 1753 299 1836 6661
321 1769 390 1816 eam
410 1751 485 1818 huic
507 1749 551 1814 661
575 1748 764 1814 Gubernium
789 1767 821 1814 66
843 1748 1025 1814 immisceat.
1057 1792 1059 1798 -

334 1856 480 1938 Quaestio
505 1854 589 1920 XII.
637 1853 809 1919 Concursus
840 1872 894 1936 666
916 1853 1091 1920 obtinendis
1121 1855 1278 1920 beneficiis
1301 1857 1406 1922 666166.
1430 1856 1475 1920 61

230 1979 370 2026 normam
400 1958 515 2024 decreti
546 1957 690 2024 111611.
722 1958 753 2023 61
784 1957 943 2023 666611161.
975 1958 995 2023 f.
1020 1978 1061 2024 66,
1082 1958 1254 2024 Benedicti
1284 1959 1475 2044 111116666

229 2064 353 2148 incipit:
381 2063 477 2130 »Cum
500 2061 596 2128 11161(
622 2061 782 2147 speciatim
806 2065 878 2127 vero
898 2063 938 2128 ad
960 2064 1121 2136 tramitem
1143 2063 1260 2130 decreti
1282 2063 1312 2128 8.
1334 2063 1475 2147 Congre-

230 2168 365 2254 gatiouis
388 2168 520 2253 negotiis
554 2169 659 2234 eccles.
687 2167 936 2234 extraordinariis
968 2168 1160 2252 praepositae
1194 2168 1232 2234 16
1260 2168 1310 2234 116
1341 2170 1369 2233 1,
1394 2169 1475 2252 Maji

233 2275 314 2340 1857
337 2293 393 2339 666
416 2293 475 2338 666
498 2273 613 2340 decreti
635 2271 665 2338 S.
689 2272 801 2357 Oongr.
826 2271 858 2338 O.
883 2272 967 2338 Trid.
991 2273 1041 2340 dd.
1067 2274 1096 2338 7.
1120 2273 1187 2341 Jul.
1213 2273 1293 2338 1857
1322 2272 1474 2338 indicitur
1587 2297 1588 2342 1

230 2379 263 2444 et
230 2377 465 2463 eperagitur.
521 2377 679 2444 Sanctitas
708 2377 820 2442 Vestra
855 2377 1023 2457 secundum
1061 2376 1223 2461 epistolam
1256 2377 1294 2443 ah
1328 2377 1473 2444 11661)

231 2481 1476 2550 0661.61616686661661616166611111,1,06118581616616661161666

229 2587 373 2671 Episcopi
394 2587 441 2652 ita
463 2585 692 2669 6661166116
672 2587 783 2652 61666
809 2585 1020 2669 presbyteros,
1056 2605 1131 2668 6666
1165 2587 1369 2652 masuetus
1359 2607 1393 2651 rn
1415 2588 1476 2652 hac
1588 2615 1589 2678 r

230 2693 334 2758 Dioec.
369 2691 523 2756 1116666166
547 2688 734 2757 Clericorum
768 2690 1003 2757 exercitationes
1036 2705 1090 2774 per
1122 2711 1217 2758 66666
1250 2692 1388 2777 singulos
1411 2693 1476 2756 166-
1588 2685 1589 2766 i

231 2797 397 2880 666616666
420 2795 453 2860 61
474 2794 658 2879 theologicis
681 2794 853 2877 disciplinis
875 2795 995 2860 noviter
1010 2813 1134 2879 operam
1150 2796 1270 2882 dedisse
1286 2795 1477 2878 cognoverit,

231 2899 429 2967 asubeundo
451 2899 563 2966 iterato
587 2919 735 2966 concursu
757 2899 870 2965 liberos
892 2900 1049 2966 declarare
1072 2900 1330 2986 66166116616666
1353 2919 1477 2984 semper

230 3005 372 3090 Episcopi
394 3005 547 3088 potestate
581 3003 725 3088 adigendi
748 3001 787 3068 61
810 3003 960 3087 ejusmodi
984 3005 1243 3087 experimentum,
1276 3024 1475 3088 6666666666

230 3112 264 3176 16
287 3109 486 3198 scientiarum
507 3109 610 3174 616116
633 3108 872 3193 negligentiores
886 3109 1046 3174 invenerit.
1065 3147 1103 3156 -
1121 3107 1285 3175 Caeterum
1300 3109 1478 3174 6666616166

233 3233 369 3282 examen
387 3213 520 3279 subituri
547 3213 621 3278 duos
652 3214 761 3278 saltem
792 3231 887 3278 annos
910 3213 940 3278 S.
965 3213 1112 3279 Ordinem
1139 3213 1328 3279 exercuerint
1350 3232 1478 3278 6666666

231 3322 296 3396 661;
329 3318 450 3404 indigni
481 3337 578 3402 usqua
608 3317 648 3382 ad
679 3318 842 3401 probatam
875 3318 1122 3384 emendationem
1162 3317 1200 3382 ab
1242 3317 1382 3382 examina
1423 3337 1475 3382 66-

232 3424 401 3508 661166166.

335 3529 481 3610 Quaestio
507 3527 614 3592 XIII.
660 3527 789 3591 Penitus
811 3545 993 3610 persuasum
1016 3526 1094 3592 mihi
1116 3527 1180 3604 est,
1211 3528 1243 3592 61
1266 3525 1315 3591 ad·
1330 3525 1473 3608 discipli-

231 3651 303 3697 nam
337 3632 525 3698 Olericorum
557 3631 769 3697 sustinendam
804 3632 836 3696 et
872 3619 1127 3696 christifidelium
1160 3630 1293 3696 salutem
1326 3629 1475 3696 tuendam

231 3737 362 3802 66661666
385 3737 563 3812 conducere,
586 3737 621 3801 ut
636 3754 781 3800 numerus
799 3755 970 3815 causarum,
995 3734 1106 3818 quibus
1116 3733 1243 3818 parochi
1258 3733 1394 3800 ecclesiis
1410 3735 1476 3798 6616

230 3841 344 3925 privari
366 3841 499 3924 possint,
535 3839 695 3924 augeatur.
741 3838 826 3919 Quae
860 3858 971 3904 causac
1001 3839 1073 3922 jure
1095 3837 1238 3903 canonico
1267 3837 1475 3917 continentur,

231 3946 304 4010 sunt
333 3945 478 4028 pleraque
512 3944 641 4008 crimina
665 3943 791 4008 atrocia.
836 3944 952 4008 Nostra
982 3946 1087 4008 autem
1109 3943 1213 4008 661616
1235 3942 1319 4007 haud
1336 3941 1476 4006 infitian-

231 4050 305 4114 dum
339 4069 404 4115 6666
437 4049 579 4126 uidetur,
613 4048 706 4113 officii
739 4049 887 4132 majorem
922 4068 987 4114 esse
1009 4048 1182 4114 habendam
1204 4046 1357 4112 rationem
1379 4065 1475 4128 quam
1588 4111 1589 4130 ,

231 4154 380 4220 beneficii.
426 4153 492 4218 Has
515 4153 620 4218 autem
645 4171 754 4218 666666
776 4152 890 4218 611666
914 4153 1022 4218 velim:
1587 4135 1589 4170 ³

263 4261 293 4343 l)
317 4257 561 4324 concubinatum
589 4256 804 4333 manifestum,
835 4257 910 4339 6616
936 4255 1120 4340 6666616611
1149 4254 1314 4322 methodus
1340 4275 1359 4320 a
1381 4255 1473 4321 Cone.

319 4363 403 4427 Trid.
428 4381 451 4426 s.
475 4363 526 4427 85.
552 4382 576 4425 c.
605 4362 653 4426 14.
678 4361 868 4444 praescripta
890 4362 1077 4427 observetur.

260 4470 293 4554 2)
316 4467 563 4534 Fornicationem
585 4465 767 4549 simplicem.

260 4573 294 4658 3)
317 4571 536 4638 Continuatam
561 4571 654 4654 atque
675 4569 908 4654 11616666611166
931 4568 1191 4634 admonitionibus
1212 4567 1395 4651 coutemptis
1413 4587 1473 4632 non

317 4675 527 4742 intermissam
548 4674 772 4761 negligentiam
795 4675 828 4738 in
851 4672 1007 4758 explendis
1036 4671 1223 4757 parochialis
1250 4671 1344 4740 6111611
1366 4691 1474 4740 66666-
