3192 5008
217 311 280 377 308
325 328 480 397 Ble'tzscld,
503 334 584 384 untw.
603 329 741 382 deutsctrr
752 287 876 382 ⁸discutio
894 329 941 382 aut
957 330 998 382 dte
1019 330 1048 380 17
1067 329 1166 394 Frrgcn
1185 328 1232 381 der
1250 330 1350 394 congre
1362 327 1457 382 concil.

218 499 376 568 Pallotini.
428 499 566 566 Viennae
601 500 702 564 1863«
737 500 869 582 perbene
903 500 976 566 sunt
1011 498 1190 566 dilucidata.
1246 498 1458 566 Nihilominus

217 626 332 690 magna
361 604 462 670 adhuc
492 604 596 670 existit
623 605 847 670 sententiarum
878 604 1100 689 discrepantia,
1128 623 1199 668 cum
1220 603 1274 670 ille
1296 604 1374 670 liber
1397 623 1458 670 non

216 710 395 775 valdeesse
418 709 596 793 divulgatus
619 709 769 776 videatur.
815 709 878 774 Alii
902 711 1037 788 censent,
1060 728 1121 774 non
1144 709 1242 776 solum
1266 709 1303 774 ob
1328 707 1458 774 crimina

216 815 336 880 occulta
359 814 411 879 sed
434 813 529 878 etiam
559 813 683 896 publica
705 814 872 880 Decretum
901 813 1041 880 adhiberi
1063 832 1167 898 posse;
1199 812 1253 878 alii
1275 832 1333 878 non
1357 813 1458 879 solum

216 919 254 984 ob
276 919 391 984 crimen
413 918 476 984 siue
498 919 696 984 manifestum
719 919 784 984 sive
807 919 962 984 occultum
985 918 1039 984 sed
1062 917 1158 985 etiam
1180 919 1218 984 ob
1242 937 1456 1002 quamcunque

217 1022 310 1088 aliam
334 1041 476 1100 causam;
508 1023 562 1087 alii
585 1042 644 1088 non
667 1025 767 1088 solum
790 1023 1021 1106 suspensionem
1042 1022 1260 1106 temporariam
1283 1021 1337 1088 sed
1360 1023 1457 1088 etiam

215 1127 396 1212 perpetuam
417 1128 524 1212 uigore
545 1127 671 1193 Decreti
692 1127 767 1192 ferri
788 1127 891 1193 licere.

321 1233 467 1314 Quaestio
488 1231 563 1297 XV.
614 1232 780 1316 Episcopus
795 1231 942 1297 Rottenb.
959 1232 1145 1315 potestatem
1165 1230 1363 1316 judiciariam
1385 1248 1458 1295 curn

216 1335 343 1401 consilio
374 1337 406 1401 ot
439 1353 531 1420 opera
562 1334 786 1402 canonicorum
820 1355 945 1402 suorum
979 1336 1114 1416 exercet,
1148 1337 1180 1400 et
1213 1353 1321 1401 causas
1350 1352 1457 1399 omues

166 1424 170 1429 ’
216 1440 301 1519 eccl,
323 1459 401 1524 quac
424 1439 534 1518 fidem,
557 1441 767 1519 sacramenta,
790 1458 894 1505 sacras
916 1440 1106 1519 functiones,
1134 1459 1190 1505 nec
1215 1459 1276 1505 non
1299 1438 1402 1504 officia
1423 1439 1457 1502 et

213 1545 283 1630 jura
306 1561 391 1610 sacro
414 1545 585 1610 ministerio
608 1545 725 1611 adnexa
753 1545 939 1628 respiciunt,
966 1544 1004 1610 ad
1028 1563 1165 1610 normam
1188 1562 1353 1610 sacrorum
1367 1561 1458 1627 prae·

215 1649 399 1732 scriptorum
419 1649 549 1732 judicat.
570 1681 575 1686 ·
594 1648 679 1729 Quae
702 1667 807 1715 ornnes
836 1668 885 1714 res
907 1668 963 1714 nec
985 1667 1045 1714 nou
1071 1667 1182 1714 causae
1211 1648 1457 1714 matrimoniales

215 1753 247 1816 et
269 1752 483 1836 inquisitiones
506 1753 539 1818 in
563 1751 696 1818 Clericus
719 1752 989 1837 quomodocunque
1011 1752 1156 1838 indignos
1178 1752 1211 1817 in
1234 1752 1328 1820 Curia
1341 1753 1457 1836 Episc,

216 1856 266 1922 cui
288 1857 456 1941 Episcopus
478 1859 543 1941 ipse
565 1857 630 1935 vel,
664 1876 698 1922 eo
732 1857 859 1922 absente
882 1859 936 1922 aut
959 1856 1118 1940 impedito,
1138 1857 1280 1922 Vicarius
1302 1856 1472 1943 generalis.

216 1960 383 2044 praesidet,
407 1962 583 2027 tractentur
605 1963 637 2026 ot
659 1961 852 2027 deciduntur.
899 1961 1092 2058 Tribuualia
1108 1961 1304 2044 peculiariter
1326 1980 1380 2044 pro
1402 1979 1456 2025 re·

215 2065 274 2128 bus
306 2065 586 2132 matrimonialibus
618 2067 671 2136 vel
696 2066 796 2132 causis
831 2066 1012 2151 disciplinae
1043 2065 1190 2132 instituta
1225 2085 1286 2132 non
1307 2066 1455 2131 existunt.
1576 2151 1578 2156 Ι

216 2168 331 2234 Contra
354 2169 488 2235 Clericos
521 2189 642 2254 semper
670 2191 709 2236 ecc
732 2171 856 2252 officio,
879 2173 915 2235 ut
938 2170 1062 2249 dicunt,
1096 2169 1288 2254 proceditur;
1324 2171 1372 2235 est
1393 2169 1457 2254 igi-

215 2274 267 2338 tur
299 2275 481 2358 procedendi
513 2275 621 2340 modus
653 2275 865 2358 inquisitorius
896 2275 989 2358 atquo
1023 2274 1224 2353 summarius,
1258 2274 1305 2338 ita
1337 2275 1456 2351 tamen,

215 2380 252 2444 ut
273 2398 377 2445 omnes
385 2379 568 2464 judiciariae
591 2380 716 2458 formae,
741 2379 778 2445 de
794 2379 905 2464 quibus
920 2379 1116 2447 observandis
1139 2379 1310 2446 sententiae
1329 2379 1458 2464 justitia

215 2484 383 2568 dependet,
418 2485 666 2576 diligentissime¹
691 2486 910 2552 costodiantur.
956 2485 1000 2550 Ut
1032 2504 1125 2551 causa
1147 2485 1342 2569 inquisitoris
1363 2503 1458 2549 accu-

214 2591 282 2655 rate
306 2591 445 2668 eruatur,
479 2590 576 2660 testes
611 2589 792 2666 audientum
826 2589 1034 2654 instrumenta
1067 2588 1107 2654 ad
1129 2609 1253 2656 causam
1282 2588 1458 2673 spectantia

215 2693 415 2777 colligantur;
438 2693 563 2772 iudicia,
587 2694 714 2778 siquae
737 2694 887 2772 existant,
910 2692 1113 2778 indagentur3
1135 2693 1300 2780 inquisitus
1323 2692 1458 2758 interro·

216 2798 307 2883 gotur
329 2799 360 2862 et
383 2797 546 2876 audiatur;
569 2799 667 2864 testes
689 2798 908 2882 reprobatorii,
938 2817 1013 2880 quos
1035 2797 1226 2880 produxerit,
1254 2797 1457 2881 recipiantur,

216 2904 309 2984 atque
331 2901 453 2967 omnino
476 2901 644 2968 defensioni
667 2903 757 2968 detur
780 2901 914 2986 spatium
937 2902 1076 2986 largum3
1100 2903 1136 2966 ut
1157 2902 1282 2986 singula
1297 2903 1329 2968 et
1345 2909 1459 2966 cuncta

216 3008 287 3072 acta
301 3008 474 3090 ceteraque,
497 3027 575 3092 quae
597 3007 630 3071 in
644 3007 851 3090 inquisitionis
874 3005 1004 3071 decursu
1026 3006 1223 3084 occurrerint,
1246 3004 1350 3071 ordine
1371 3024 1458 3070 com·

214 3113 355 3195 petentes
378 3111 627 3189 conscribantur,
654 3113 690 3176 ut
713 3128 807 3176 causa
829 3110 1018 3176 sufficienter
1040 3110 1194 3176 instructa
1216 3109 1379 3176 canonicus
1401 3129 1458 3192 pro

216 3215 378 3300 dirigenda
400 3215 599 3299 inquisitione
622 3215 808 3281 constitutus
830 3215 932 3299 Episc.
958 3214 1068 3280 Curiae
1090 3215 1129 3280 ed
1154 3216 1305 3296 aciemn,
1318 3215 1456 3279 tenorem

216 3321 331 3402 quanta
354 3318 488 3384 maxima
510 3338 584 3384 eura
607 3320 638 3384 et
660 3319 824 3404 diligentia
845 3319 977 3396 referat3
1009 3320 1044 3383 nt
1073 3318 1104 3383 in
1136 3319 1237 3386 causis
1263 3318 1458 3404 gravioribus

213 3423 387 3507 jurisperiti
420 3421 545 3508 Syndici
577 3423 769 3509 Episcopalis
792 3423 974 3490 consultum
1005 3423 1197 3506 requiratur:
1232 3423 1309 3489 haec
1342 3423 1457 3502 omnia,

217 3547 296 3612 quac
319 3529 358 3593 ad
380 3528 525 3594 ferendae
547 3527 720 3594 sententiae
739 3528 896 3612 just‘tiam
917 3527 1122 3611 maximopere
1133 3529 1286 3612 pertinere
1301 3528 1459 3608 videntur,

216 3633 323 3717 quovis
345 3633 377 3697 in
401 3651 475 3698 casu
499 3651 556 3697 usu
579 3632 717 3699 ueniunt.
741 3670 781 3680 -
804 3632 854 3697 Ad
877 3631 1109 3716 Appellationes
1132 3632 1212 3717 quod
1235 3634 1371 3716 spectat,
1404 3651 1459 3698 ca·

207 3737 317 3802 nonici
328 3737 409 3822 juris
425 3737 544 3803 sancita
559 3737 774 3814 observantur;
801 3738 839 3802 10
856 3736 963 3802 diebus
984 3738 1053 3820 post
1075 3737 1263 3804 sententiam
1276 3737 1458 3821 judicialem

216 3841 403 3906 insinuatam
425 3842 472 3907 est
487 3841 709 3924 interponenda
732 3841 907 3925 appellatio,
930 3840 1067 3924 alioquin
1090 3843 1244 3907 sententia
1266 3841 1299 3908 in
1322 3842 1459 3907 auctori-

215 3946 315 4010 tatem
338 3945 451 4010 transit
473 3945 517 4010 rei
537 3945 712 4029 Jndicatae3
746 3945 828 4010 infra
850 3945 892 4009 30
915 3943 980 4009 dies
1014 3944 1145 4029 apostoli
1178 3946 1340 4030 expetendi
1373 3948 1458 4026 sunt,

216 4050 268 4134 qui
279 4049 362 4114 illico
380 4048 588 4114 conceduntur
602 4068 664 4114 una
680 4068 750 4114 curn
767 4048 922 4142 mandato,
940 4048 977 4113 ut
993 4048 1160 4132 appellatio
1183 4048 1264 4115 infra
1279 4051 1321 4116 30
1337 4050 1466 4122 dieuum,

216 4153 350 4239 spatium
374 4173 477 4218 coram
497 4154 601 4238 judice
635 4153 789 4237 superiore
822 4153 995 4219 inducatur.
1040 4153 1117 4219 dure
1152 4154 1277 4238 quidem
1312 4155 1458 4221 canonico

216 4281 286 4326 eum
319 4259 351 4324 in
384 4259 476 4324 finem
510 4259 736 4343 appellantibus
770 4277 867 4324 annus
899 4258 1095 4342 indulgetur,
1130 4259 1255 4343 tempus
1282 4262 1386 4325 autem
1409 4259 1457 4324 ita

124 4347 128 4355 k
215 4367 409 4432 moderatum
442 4367 520 4432 bene
552 4365 683 4439 sufficit,
718 4384 778 4448 qua
810 4364 847 4430 de
882 4381 973 4428 causa
1007 4363 1104 4428 etiam
1125 4363 1157 4428 in
1180 4363 1250 4428 aliis
1273 4363 1457 4430 Germaniae

216 4471 405 4538 dioecesibus
428 4470 522 4541 moris
545 4471 602 4548 est,
624 4469 736 4553 quippe
758 4468 839 4552 quod
861 4468 966 4533 nostra
989 4469 1091 4532 aetate
1106 4467 1267 4552 permagni
1289 4468 1331 4533 sit
1354 4468 1456 4551 pretii,

215 4578 251 4642 ut
279 4577 310 4641 in
336 4577 426 4642 rebus
457 4575 643 4641 ecclesiastis
674 4576 780 4658 atque·
797 4573 829 4638 in
853 4573 960 4657 primis
982 4572 1015 4638 in
1041 4572 1204 4657 disciplina
1227 4571 1361 4639 clericali
1383 4572 1456 4637 lites

217 4683 339 4747 exortas
360 4681 477 4764 quanta
499 4679 566 4745 fieri
588 4680 690 4764 potest
711 4678 864 4745 brevitate
887 4677 1101 4745 terminentur.
1147 4676 1311 4744 Caeterum
1340 4695 1377 4742 ex
1396 4695 1456 4762 quo
