3152 5014
162 276 224 341 150
285 292 407 365 Ver-inp,
426 297 518 360 11133,
536 293 667 348 Schriften
683 295 733 348 und
754 294 881 346 Whnsche
900 305 959 348 zum
977 293 1176 348 ecamenischen
1194 293 1290 347 condi.

163 465 307 534 catholici
337 463 420 532 orbis
451 463 614 548 utriusque
643 465 718 530 cleri
746 463 958 530 sacerdotibus
987 463 1126 548 quotidie
1152 463 1226 530 addi
1254 464 1287 531 in
1308 465 1410 533 Missa

162 572 343 640 Orationem
366 570 404 636 de
426 569 544 654 Spiritu
567 568 695 648 Sancto,
725 569 822 653 deque
846 569 953 635 eodem
976 568 1088 635 Sancto
1116 569 1234 653 Spiritu
1256 571 1409 653 divinum,

163 679 286 762 praeter
308 677 486 742 eomuetam
500 676 630 740 Missam
646 674 891 752 conventualem,
912 655 1109 739 Sacrificium
1120 675 1188 740 deri
1209 675 1243 739 in
1265 676 1409 742 omnibns

162 781 256 866 hujus
277 781 371 847 Urbis
393 779 670 858 Patriarchalibus,
693 780 823 863 aliisque
839 777 993 856 Basilina,
1016 780 1049 844 et
1066 779 1287 864 Collegiahhus
1307 782 1408 846 eecle-

164 886 228 966 siis,
257 904 312 952 nec
338 904 399 950 non
430 885 463 950 in
493 886 613 950 eunctis
647 885 744 951 131133
779 885 861 950 orbis
892 882 1131 950 Cathedralibus
1166 887 1199 950 et
1226 883 1410 970 Collegiatis

165 990 303 1058 ecclesiis
325 989 365 1055 ab
387 1009 495 1056 earum
518 989 690 1070 (laconicis,
715 991 808 1074 atque
831 989 927 1055 etiam
949 989 982 1052 in
1004 988 1136 1074 singulis
1159 990 1307 1075 cujusque
1321 989 1412 1055 Reli-

166 1093 271 1180 giosae
291 1093 441 1160 Familiae
464 1093 601 1160 ecclesiis
612 1094 827 1179 Regularium,
850 1093 905 1178 qui
927 1093 1160 1159 conventualem
1175 1093 1305 1159 Missam
1328 1095 1412 1160 cele·

165 1200 255 1264 hrare
280 1199 435 1278 tenentur,
457 1198 549 1264 13313
571 1217 692 1282 quaque
704 1199 841 1282 331313,
873 1215 933 1280 qua
962 1197 1079 1263 festum
1105 1197 1217 1281 duplex
1239 1198 1356 1282 primae
1378 1200 1412 1264 et
1557 1239 1560 1246 ·

166 1303 317 1370 secundae
340 1303 447 1368 classis
468 1324 531 1369 333
551 1304 682 1387 agatur,
717 1302 792 1386 quin
825 1303 931 1366 tamen
964 1301 1042 1367 haec
1075 1301 1113 1367 13
1144 1301 1262 1386 Spiritu
1296 1301 1412 1370 Sancto

166 1399 264 1474 Mima
284 1408 382 1472 ullam
404 1407 520 1473 haheat
541 1407 757 1491 applicationis
778 1405 1008 1490 obligationem.

270 1511 314 1576 Ut
336 1511 442 1576 autem
464 1512 641 1594 praesentes
655 1511 799 1590 Nostrae,
822 1529 901 1594 quae
924 1509 964 1576 ad
981 1510 1103 1595 singula
1126 1510 1194 1575 loca
1215 1511 1326 1577 deferri
1349 1531 1412 1578 non

167 1615 305 1698 possunt,
329 1613 367 1678 ad
389 1615 527 1680 omnium
549 1615 695 1681 notitiam
717 1615 838 1680 13311133
853 1614 1027 1694 deveniant,
1050 1615 1201 1696 volumus,
1216 1617 1411 1700 utpraesen·

103 1738 109 1758 ·
167 1718 249 1784 tium
270 1719 476 1801 transumptis
497 1720 547 1784 vel
569 1719 714 1804 exemplis
737 1719 834 1785 etiam
848 1719 1018 1803 impressis,
1040 1737 1135 1784 manu
1150 1719 1281 1804 alicujus
1296 1721 1413 1787 notarii

168 1821 284 1906 publici
306 1822 498 1905 subscriptis,
521 1825 553 1890 et
574 1824 679 1908 sigillo
701 1841 846 1908 personae
872 1823 906 1888 in
928 1823 1085 1910 dignitate
1107 1824 1316 1889 ecclesiastiea
1338 1844 1413 1890 con-

169 1925 301 1992 st'tntae
331 1926 479 2006 munitis,
507 1927 693 2011 ubicumque
726 1929 863 1994 locorum
907 1929 940 1993 et
973 1927 1114 2012 gentium
1143 1928 1251 1994 eadem
1285 1949 1412 2013 prorsus

169 2030 245 2096 fides
268 2030 430 2109 habeatur,
452 2049 531 2114 quae
553 2031 720 2097 haberetur
742 2031 817 2116 ipsis
836 2031 1059 2116 praesentibus,
1083 2031 1110 2096 si
1131 2032 1232 2098 forent
1254 2033 1411 2100 exhibitae

169 2134 219 2200 rel
241 2133 392 2200 ostensae.

273 2238 391 2303 Datum
402 2237 520 2304 Romae
532 2237 614 2322 apud
626 2238 656 2306 S.
666 2240 795 2305 Petrum
807 2239 863 2305 suh
876 2239 999 2305 Ann'ulo
1011 2239 1166 2306 Piscatori
1177 2240 1285 2308 diell.
1294 2238 1413 2327 Aprilis

170 2339 260 2410 Anno
284 2343 376 2410 1869.
421 2343 626 2411 Pontificatus
648 2344 758 2411 Nostri
779 2345 870 2410 Anno
892 2344 1149 2411 vicesimotertio.

828 2451 871 2516 N.
895 2447 984 2516 (land.
1007 2449 1201 2517 Paracataocc'
1222 2449 1366 2523 Gtorettc'.

258 2642 292 2703 2.
335 2637 578 2705 Declaratioaes
600 2638 864 2706 Poenc'tcatc'noa'aa
885 2639 978 2708 Rom.
1001 2641 1032 2707 d.
1057 2645 1087 2706 1.
1110 2639 1207 2708 Jcott
1228 2647 1325 2708 1669.

275 2758 348 2826 Wie
380 2759 435 2824 das
458 2760 682 2827 Partoralblatt
715 2761 771 2828 der
798 2762 928 2828 Dibeese
960 2762 1102 2828 11133133
1134 2762 1305 2844 mittheilt,
1338 2764 1413 2830 fand

173 2861 239 2928 sich
263 2862 313 2928 die
335 2861 366 2928 S.
390 2851 634 2930 Paenitentiaria
667 2885 704 2930 zu
726 2866 805 2932 Rom
837 2865 1027 2945 veranlasst,
1061 2865 1153 2931 unter
1188 2865 1259 2932 dem
1284 2867 1311 2933 1.
1336 2868 1414 2934 Juni

173 2966 196 3032 l.
219 2966 373 3052 1313133
395 2968 611 3053 Erklarnngeu
632 2969 707 3036 iiber
731 2970 779 3034 113
801 2969 861 3035 mit
883 2971 954 3038 dem
979 2970 1231 3056 gegenwtrtigen
1252 2969 1411 3037 Jubileum

173 3070 390 3138 verbundenen
411 3073 595 3138 Facultaten
628 3093 666 3139 zu
698 3074 798 3158 geben
833 3073 898 3140 und
932 3073 1060 3140 1331311
1094 3073 1150 3140 133
1183 3075 1414 3144 uachstehende

174 3171 341 3240 Sohreihen
363 3196 401 3240 zu
416 3177 561 3256 erlassen,
583 3177 713 3244 welches
729 3177 783 3244 der
797 3178 968 3244 Redaetiou
987 3178 1074 3262 Jeues
1089 3179 1214 3244 Blattes
1232 3179 1265 3244 in
1281 3180 1430 3249 authen.

174 3278 291 3346 tischer
312 3279 540 3366 Austertigung
562 3282 683 3347 suham.
728 3282 798 3348 Wir
821 3282 986 3348 hemerken
1008 3301 1046 3346 zu
1068 3281 1139 3347 dem
1154 3282 1330 3349 Wortlaute
1346 3283 1415 3350 des·

174 3381 294 3464 selben,
328 3383 399 3450 dass
434 3384 483 3450 die
515 3385 549 3450 in
580 3385 949 3469 italienischer‘Sprache
982 3385 1180 3471 abgefassten
1205 3386 1326 3472 Fragor
1358 3386 1416 3453 in’s

175 3487 333 3556 Deutsche
353 3489 510 3556 ubersetat
532 3491 611 3557 sind.
1084 3579 1087 3584 Ι

279 3592 427 3674 Quamuis
453 3594 664 3678 amplissimae
689 3595 856 3661 facultates
882 3613 937 3678 per
965 3594 1099 3660 Litteras
1128 3594 1321 3679 Apostolicas
1354 3594 1417 3660 diei

177 3697 225 3762 11.
248 3697 366 3781 Aprilis
387 3717 485 3783 nuper
507 3699 605 3784 elapsi
633 3718 652 3765 a
675 3699 876 3766 sanctissimo
898 3698 968 3764 ΡΙΟ
990 3699 1054 3764 ΡΡ.
1078 3698 1134 3765 ΙΧ.
1159 3718 1318 3766 concessae
1341 3699 1418 3766 adeo

175 3801 209 3866 13
230 3820 262 3868 33
274 3803 452 3886 perspicuae
467 3803 540 3884 sint,
562 3805 601 3870 ut
614 3803 735 3871 nullum
750 3801 927 3888 ambigendi
941 3801 1043 3867 locum
1059 3801 1254 3886 relinqnaut;
1278 3803 1417 3868 attamen

176 3905 215 3972 oh
237 3905 415 3972 notissimas
429 3927 532 3973 rerum
545 3907 794 3992 perturbationes
809 3906 967 3986 nonnulla,
990 3905 1073 3971 eirca
1094 3906 1213 3972 rectam
1234 3907 1418 3990 praesertim

175 4008 301 4075 illarum
322 4010 572 4094 applicationem,
596 4013 701 4078 exorta
724 4012 797 4076 suut
819 4010 923 4090 dubia,
947 4029 1025 4094 quae
1048 4030 1067 4076 a
1088 4011 1226 4076 locorum
1246 4009 1418 4077 Ordinarils

176 4113 249 4180 huic
270 4133 295 4180 s.
318 4107 581 4182 Poenitentiariaa
613 4117 759 4182 solvenda
791 4115 947 4200 proposita
978 4115 1113 4180 fuerunt.
1159 4115 1238 4182 Cum
1260 4133 1331 4180 vero
1354 4115 1418 4180 dii·
1479 4167 1482 4171 .

177 4218 258 4285 ficile
291 4220 458 4286 admodum
492 4239 528 4285 ac
560 4239 654 4304 prope
686 4221 876 4305 impossihile
908 4220 989 4286 foret
1026 4219 1221 4305 singulorum
1252 4219 1419 4303 postulatis

176 4324 369 4402 satisfacero;
391 4344 414 4390 s.
427 4325 670 4391 Paenitentiaria
685 4327 890 4410 opportunum
902 4323 1032 4403 censuit,
1055 4323 1234 4409 hujusmodi
1253 4324 1418 4409 praecipua

177 4429 282 4511 dubia,
316 4448 482 4514 eorumque
515 4429 717 4496 resolutiones
750 4429 783 4495 in
816 4447 912 4494 unum
936 4428 1106 4512 colligere,
1142 4429 1174 4494 et
1209 4429 1249 4494 31
1281 4428 1419 4494 locomm

179 4533 368 4615 ordinarios,
391 4533 524 4620 benigne
546 4535 591 4599 sie
614 4535 768 4600 annuente
791 4533 898 4599 eodem
920 4531 1121 4599 sanctissimo
1142 4533 1291 4611 Domino,
1313 4532 1419 4598 tram-

178 4637 317 4719 mittere,
348 4640 385 4706 31
415 4657 520 4704 omnes
541 4639 572 4704 in
595 4657 630 4704 re
652 4637 734 4704 tanti
756 4636 906 4704 momenti
928 4635 1069 4704 concordi
1091 4635 1232 4702 doctrina
1253 4654 1290 4702 ac
1314 4635 1420 4702 studio
