3192 5008
140 361 143 364 -
224 337 393 394 nuennntene
410 339 542 392 essentne
560 337 603 390 rur
620 337 670 391 unu
688 347 774 402 gesen
793 335 931 403 neumatis.
947 337 1004 391 uer·
1016 337 1109 402 pensu.
1124 335 1330 391 unreunnneu.
1369 314 1438 382 355

299 507 431 564 Puolisnrn
448 511 536 576 ltaque
553 511 591 564 rel
608 509 769 564 christianae
788 510 883 564 bonurn
901 511 1033 575 postulare
1052 509 1164 572 videtur,
1192 513 1221 562 nt
1244 511 1436 562 sacrosanctum

194 597 334 652 concilium
353 597 514 662 vulcanum,
532 595 705 650 lioreniinunt
721 596 902 650 decretum-de
920 597 1035 650 llnrnann
1053 593 1175 650 Puniidee
1199 595 1285 646 denno
1311 592 1436 657 prodiens

192 683 346 736 etunuus
363 683 508 748 explicans,
526 683 637 746 sperus,
661 690 817 748 omnemque
835 681 967 734 dnnitnndl
991 681 1078 735 locunt
1104 677 1329 746 praecludentibus
1352 677 1438 731 uernis

193 769 296 822 senune
314 767 376 824 veit
393 781 540 835 supremam
558 769 669 835 ideoque
688 769 721 821 ab
740 781 832 823 errore
849 769 990 822 immunem
1015 781 1073 822 esse
1097 767 1212 832 eiusdem
1230 764 1336 818 nonani
1354 765 1439 818 lunti-

192 853 250 908 licis
267 855 447 909 auctoritatem
466 865 546 922 quum
565 856 590 908 in
608 855 687 908 reinns
705 854 764 908 ildei
783 859 809 907 et
827 865 929 908 morum
948 867 978 907 ea
998 857 1086 908 statuit
1112 865 1142 906 ac
1163 852 1302 916 praecipit,
1321 863 1388 918 qnae
1406 849 1438 904 air

195 942 317 996 ornnllns
334 939 545 996 christifidelibus
563 941 694 996 credend·
712 945 738 995 et
756 941 868 995 tenende
888 953 988 1007 quaeue
1013 941 1154 1006 rellclendu
1172 943 1198 992 et
1216 939 1361 992 damnande
1379 939 1438 993 sint.

298 1025 355 1082 lien
373 1028 466 1082 desunt
483 1028 584 1094 quidem
604 1027 647 1092 qul
665 1027 814 1080 existiment
832 1040 847 1078 a
865 1027 999 1080 catholice
1024 1027 1073 1080 inae
1097 1025 1207 1078 veritate
1231 1025 1370 1078 sanciendu
1393 1024 1439 1078 ait·

194 1113 429 1177 stinendnnnesse‚
448 1127 482 1168 ne
497 1113 653 1168 scinisrneticl
673 1117 751 1180 atque
770 1113 892 1166 neeretlci
910 1113 1013 1178 longius
1032 1111 1065 1165 alt
1083 1111 1193 1164 ecclesia
1211 1117 1357 1163 arceantur.
1387 1111 1438 1164 sed

196 1199 222 1252 in
240 1200 329 1264 primis
347 1201 492 1256 cainnilcns
509 1201 619 1266 populus
634 1199 676 1265 ins
694 1199 791 1264 nabet,
811 1202 840 1252 nt
858 1200 890 1252 ets
909 1199 1076 1253 oecumenica
1094 1197 1200 1262 synodo
1218 1198 1354 1260 docentur,
1379 1194 1438 1261 qnid

196 1288 222 1340 in
241 1287 443 1352 redemerant,
462 1291 489 1340 et
506 1290 559 1341 ianr
578 1287 696 1351 irnprnire
714 1297 797 1350 nuper
813 1285 981 1351 impugnata,
1006 1286 1163 1340 credendum
1187 1285 1233 1347 sit,
1258 1297 1292 1336 ne
1310 1283 1438 1348 simplices

197 1376 222 1426 et
239 1373 356 1434 incantos
374 1374 514 1428 multorum
532 1373 632 1428 unimus
650 1373 811 1438 perniciosus
831 1383 905 1426 error
926 1372 1205 1436 tandem'corrnnnpst.
1243 1369 1342 1423 idcireo
1360 1369 1438 1424 etiarn

197 1457 383 1521 Lugdunenses
402 1462 428 1511 et
446 1457 586 1512 Tridentini
604 1457 695 1512 Patres
712 1463 810 1512 reetarn
829 1457 971 1512 doctrinam
988 1457 1167 1512 stabiliendam
1191 1469 1252 1509 esse
1274 1459 1438 1521 censuerunt,

197 1544 245 1596 etsi
264 1543 419 1600 schismatici
437 1549 463 1598 et
481 1543 606 1598 haeretici
623 1545 826 1598 offenderentur.

299 1630 354 1694 ¹oui.
371 1630 393 1683 si
412 1630 513 1684 sineere
531 1635 619 1684 niente
638 1631 774 1684 veritatem
793 1634 935 1697 quaerant,
954 1643 1006 1684 non
1025 1629 1239 1684 absterrebuniun
1263 1628 1311 1682 sed
1328 1626 1440 1682 aliieien·

197 1719 249 1782 tur,
267 1717 328 1770 dum
346 1716 408 1781 ipsis
425 1717 571 1771 ostenditur
590 1727 639 1783 quo
658 1717 817 1782 potissimum
848 1717 1019 1771 fundamento
1041 1717 1185 1771 catholicae
1202 1715 1331 1768 Ecclesiae·
1353 1714 1440 1766 unitas

197 1790 224 1857 et
241 1804 349 1856 druniias
367 1803 472 1856 utetur.
507 1805 533 1856 Sl
552 1804 593 1868 oui
613 1805 715 1868 nutent,
728 1806 796 1857 'uera
815 1803 929 1857 doctrina
949 1803 981 1856 alr
1000 1803 1168 1857 oecumenico
1190 1799 1298 1855 condlin
1323 1799 1439 1864 delinita,

197 1889 230 1942 att
248 1889 359 1942 Ecclesia
377 1888 525 1950 delicerent.
543 1890 568 1943 iri
586 1901 693 1944 numero
712 1891 794 1955 penei,
812 1894 838 1944 et
854 1891 1006 1956 Jumdudum
1023 1891 1049 1944 ln
1067 1889 1119 1944 ilde
1132 1889 1254 1954 neuiregi
1272 1891 1342 1950 sunt.
1361 1899 1438 1951 prae·

197 1976 298 2028 tentum
316 1976 478 2031 solumunodo
496 1981 658 2042 quaeremus,
676 1988 727 2040 uno
747 1980 856 2030 externe
874 1977 952 2029 eiienn
971 1977 1071 2029 actione
1089 1976 1122 2028 ait
1141 1977 1250 2030 Ecclesia
1266 1987 1295 2027 se
1313 1975 1437 2040 eximant,

199 2073 276 2128 puaun
295 2062 396 2114 interno
414 2073 492 2115 sensn
508 2061 562 2126 ianr
581 2061 727 2130 deseruisse
745 2063 831 2127 palam
849 2062 996 2115 ostendunt.
1031 2061 1061 2115 lli
1079 2064 1140 2115 sunt
1157 2063 1200 2127 qul
1217 2063 1372 2117 catnuileurn
1391 2073 1437 2127 pu·

192 2136 287 2212 'puinn
306 2147 427 2202 continuo
445 2147 549 2202 turbere
566 2159 620 2201 nun
638 2149 843 2212 abhorruerunt,
861 2153 886 2202 el
906 2161 920 2200 a
941 2159 1049 2212 unorum
1067 2148 1164 2202 insidiis
1182 2147 1438 2211 vetusne-synodus

197 2233 287 2288 iideles
306 2233 433 2288 Ecclesiae
453 2233 518 2286 fliius
537 2235 603 2288 tueri
621 2233 731 2288 delenit.
768 2234 913 2288 catholicus
931 2235 1064 2288 enimvero
1078 2236 1195 2299 pupulus,
1213 2245 1318 2300 semper
1330 2235 1436 2288 eduum

198 2319 224 2372 et
242 2323 363 2372 assuetus
381 2319 533 2382 spostolus
551 2321 657 2373 Romani
675 2319 804 2373 Ponildcls
827 2321 938 2374 decretis
957 2321 1134 2384 plenissimum
1159 2321 1253 2372 mentis
1277 2321 1305 2371 et
1325 2321 1378 2374 oris
1395 2320 1439 2374 ul-

198 2405 316 2470 sepulum
334 2405 471 2470 exiluere,
498 2406 612 2458 llotlcani
630 2405 735 2458 concilii
753 2407 907 2459 sententiam
930 2409 962 2460 de
981 2407 1097 2472 eiusdem
1115 2417 1236 2470 suprema
1254 2410 1279 2460 ei
1298 2407 1330 2458 on
1348 2418 1438 2460 errore

198 2491 308 2544 immuni
326 2491 478 2544 auctoritate
496 2492 567 2544 laeto
584 2491 705 2558 ildeilque
724 2491 810 2545 animo
829 2491 947 2556 excipiet.

236 2587 237 2590 ’
300 2577 325 2629 2.
352 2576 714 2642 Lauizeitnngsnecnrlclnten
733 2578 790 2630 sind
803 2589 850 2630 aus
868 2579 916 2631 der
939 2579 1009 2632 iiitie
1027 2579 1075 2632 der
1091 2579 1244 2638 internuncii
1267 2579 1322 2632 drei
1341 2578 1438 2632 andere

198 2665 310 2728 inirige
329 2665 373 2718 ilir
391 2665 432 2718 dle
450 2665 594 2728 Erilirnng
614 2665 660 2718 der
677 2665 837 2730 pipstlielren
855 2663 1052 2718 Unielrlbarleit
1073 2666 1120 2718 der
1143 2665 1342 2730 ungnatnernn
1364 2665 1439 2718 cunr·

196 2751 491 2816 missionunieritreitet‚
509 2752 619 2804 nimiieir
630 2749 671 2803 uin
682 2763 732 2804 unu
751 2749 1102 2819 denueupollianu'scltctt
1113 2751 1247 2804 Bisendien
1262 2751 1437 2804 untersclrrie·

197 2837 292 2891 benet:
320 2835 500 2892 Romanum
513 2835 696 2906 pontificem
711 2837 747 2890 dn
766 2835 910 2892 omnibns
927 2836 1020 2892 rebus
1036 2836 1110 2906 fidet
1128 2839 1157 2892 et
1173 2849 1299 2891 morum
1316 2836 1439 2905 infalli-

198 2923 298 2978 bilem.
316 2925 418 2979 indere
428 2923 623 2978 italiendselee
634 2924 752 2978 dissilire
766 2925 938 2989 neantragten
950 2930 1025 2978 nnter
1042 2923 1175 2987 ilerulung
1191 2925 1239 2976 aui
1254 2926 1290 2978 st.
1303 2925 1437 2991 Augustin,

198 3011 313 3075 llpnoun
330 3010 384 3064 und
397 3011 536 3074 dugusiln:
555 3011 642 3077 „quod
659 3009 717 3063 iicet
735 3012 863 3064 llnmanus
886 3009 1006 3065 innodes
1021 3015 1148 3076 quatenus
1166 3010 1301 3074 peculiaris
1326 3023 1438 3075 persone

99 3138 108 3154 .
162 3113 165 3118 ·
197 3097 251 3150 siue
269 3098 387 3162 privatus
406 3098 497 3160 Ductor
514 3097 593 3162 possit
612 3109 715 3161 errare,
734 3098 800 3150 sicut
819 3097 898 3150 etiarn
917 3089 963 3150 est
976 3096 1088 3151 talililiis
1109 3097 1135 3150 in
1154 3095 1348 3164 quaestionibus
1367 3109 1438 3152 ruere

195 3183 268 3247 lecti,
287 3196 354 3249 quse
373 3196 406 3236 ex
424 3183 535 3236 dominis
559 3184 697 3248 praecipue
720 3183 884 3236 testimoniis¹
898 3184 1023 3248 pendent,
1048 3195 1106 3236 cunr
1131 3185 1221 3236 tamen
1239 3182 1309 3246 Papa
1327 3184 1439 3249 loquutur

195 3273 318 3336 ianuuurn
342 3270 436 3325 iincinr
460 3271 613 3323 uniuersalis
636 3269 762 3324 dedniens
784 3282 816 3324 ex
842 3271 980 3337 cainedru,
1000 3283 1093 3335 nempe
1112 3283 1144 3324 ex
1163 3271 1290 3339 potestate
1308 3279 1439 3335 suprema,

195 3356 295 3411 trudito
313 3358 398 3422 Petro,
416 3357 525 3411 ducendi
543 3357 692 3420 Ecclesiam,
710 3359 771 3410 tnnc
788 3357 814 3409 ln
833 3357 1013 3410 controuersiis
1030 3357 1097 3410 Fidei
1116 3360 1257 3411 elmerum
1272 3355 1439 3410 decernendis

196 3444 229 3496 alt
248 3456 338 3499 errore
365 3457 422 3497 esse
446 3441 613 3497 immunen.“
655 3443 714 3496 dine
730 3443 797 3496 noclr
822 3443 941 3496 schirier
965 3444 1083 3510 geiasste
1103 3443 1283 3506 'Formnliruns
1315 3444 1364 3496 soll
1388 3455 1440 3496 uon

195 3529 381 3598 spaniochen
398 3529 536 3582 Bisclniiien
554 3529 748 3583 unterzeicnnet
768 3528 874 3583 worden
891 3527 958 3583 sein.
1051 3559 1055 3570 ι

299 3619 323 3670 t.
358 3617 446 3680 (legen
465 3615 506 3668 dle
525 3615 768 3680 zweelmlssigireit
786 3615 860 3669 einer*
874 3617 1083 3682 Dogmailsirunu
1095 3617 1142 3670 der
1158 3615 1319 3682 pipatilcnen
1332 3616 1437 3669 Unielnl·

194 3699 297 3756 barielt
318 3703 370 3756 und
394 3701 578 3755 insuesondere
598 3713 684 3768 gegen
705 3701 747 3754 die
767 3706 953 3767 ersigenannte
971 3703 1127 3766 uolisiindlg
1144 3703 1314 3768 mitgetneiite
1332 3703 1440 3774 Petiliun

194 3788 304 3841 riclnteie
322 3789 376 3841 sicin
395 3789 515 3852 loigende
534 3799 593 3840 unns
612 3789 724 3851 heiligen
742 3787 818 3842 linter
836 3790 887 3842 uie
904 3789 944 3842 die
963 3791 1079 3844 anderen
1096 3790 1144 3842 der
1161 3791 1249 3856 dogm.
1269 3788 1438 3844 commissione

195 3873 376 3930 iilrerwiesene
395 3873 566 3938 llenlrselrriit,
585 3875 623 3928 nis
642 3860 722 3927 duen
740 3875 875 3928 verlosser
892 3875 1011 3930 cardinal
1029 3875 1190 3931 Rauseiter
1207 3881 1323 3941 genennt
1341 3877 1422 3930 wird:

401 3959 588 4017 Rectissime
606 3959 718 4015 Pater!

297 4047 472 4102 Pervenerunt
491 4049 522 4100 sd
542 4059 590 4102 nos
608 4049 709 4100 utterse
727 4048 796 4111 iupis
814 4048 973 4113 impressae,
996 4049 1088 4114 nulius
1112 4049 1218 4105 concilii
1242 4049 1359 4103 Patribus
1377 4050 1438 4104 sui·

193 4134 331 4190 scribenda
349 4135 486 4190 exhibetur
503 4135 591 4200 petitio
610 4147 625 4187 s
644 4135 747 4196 synodo
765 4134 931 4188 oecumenica
949 4135 1082 4198 flagitans,
1101 4140 1129 4189 nt
1146 4135 1247 4190 sancire
1266 4137 1325 4189 uelit
1343 4147 1436 4200 supre-

193 4233 264 4276 mum
281 4221 388 4287 ideoque
407 4221 440 4274 ao
458 4233 553 4274 errore*
571 4221 714 4275 immunem
734 4219 915 4274 auctoritatem
939 4221 1047 4276 Romani
1071 4221 1201 4275 Puntlncis
1224 4223 1250 4274 in
1274 4223 1354 4276 relus
1378 4223 1438 4276 idel

193 4310 221 4360 et
239 4318 339 4360 ntorum
357 4308 497 4371 apostolice
516 4309 646 4372 potestate
665 4305 793 4360 universis
817 4306 937 4360 iideiiitus
962 4307 1148 4372 praecipientis.
1184 4309 1273 4361 liirnrn
1298 4311 1437 4372 certesei,

193 4393 254 4449 ddei
269 4391 369 4458 ludices
387 4393 501 4458 inuideri,
526 4397 556 4447 ut
580 4395 641 4447 ente
666 4403 773 4447 cuusun
792 4393 886 4446 dietarn
907 4393 941 4446 de
960 4383 1218 4458 sentenile't‘erenda
1235 4393 1436 4447 deuanetiouen

192 4479 380 4543 subscriptione
400 4492 447 4534 sus
466 4481 590 4536 nnuniicnn
609 4477 724 4534 ederent.
760 4479 856 4532 verum
875 4480 900 4532 in
918 4479 971 4534 lnuc¹
987 4483 1058 4533 tento
1075 4479 1179 4544 neuntio
1192 4479 1226 4531 le
1244 4479 1338 4544 ipsum,
1356 4479 1435 4530 sene·

192 4567 290 4622 iissinre
308 4565 390 4633 ister,
408 4566 555 4622 adeundum
574 4579 631 4620 esse
651 4567 806 4628 censuimus,
825 4565 917 4632 puppe
935 4566 1010 4633 qula
1029 4567 1135 4622 licutino
1160 4565 1193 4620 ad
1219 4575 1302 4631 ugnos
1321 4574 1437 4626 ovesque

179 4654 350 4719 -pesrendunr
367 4655 522 4712 constitutus
541 4655 687 4708 animarem
705 4652 800 4710 curisti
817 4655 944 4718 unguine
967 4652 1161 4721 redemptarum
1186 4650 1327 4718 piissimam
1345 4657 1439 4702 curem
1512 4703 1514 4707 ,

193 4741 283 4812 iales,
302 4745 328 4798 et
345 4741 519 4810 periculorum
537 4741 600 4808 tpsls
616 4739 808 4804 imminentium
826 4741 919 4800 dedu
937 4743 1049 4809 paterno
1066 4739 1210 4797 misereris.
1235 4739 1359 4798 tutemet
1372 4738 1441 4790 tern-
