3160 5010
226 285 291 370 ddi
334 316 490 388 Bitiascld,
510 321 591 373 tntu.
609 309 748 373 decennes
766 319 883 372 cremore
901 319 948 374 aut
964 308 1005 374 dte
1027 319 1056 374 11
1075 319 1174 386 fragon
1193 321 1239 374 der
1258 319 1355 384 congr.
1376 313 1492 376 Generi.

225 511 295 558 mea
317 490 426 558 stricte
448 489 621 556 serrantur.
667 488 779 556 Clerici
801 507 930 573 qnorum
953 489 1056 574 potins
1080 462 1221 576 penuria
1235 458 1340 576 'quam
1372 493 1489 558 abun·
1555 555 1556 582 q

226 596 333 662 dantia
355 594 466 672 exstat,
489 593 554 658 suis
575 592 704 678 quisquc
728 593 1102 676 iungunturmuneribns‚
1126 593 1286 660 servitium
1308 596 1388 679 ipsis
1419 597 1485 664 dc-
1555 603 1556 628 ¹

225 699 408 766 mandatnm
429 698 590 782 praestant
612 714 667 763 nco
690 695 818 763 incertis
841 698 997 782 vagantur
1020 697 1153 765 sedibus.

330 803 384 870 Aa
418 801 462 868 X.
507 799 599 866 Haud
622 819 739 886 paucae
762 800 857 867 ctiam
880 799 963 886 intra
992 800 1111 866 limites
1140 802 1347 888 Episcopatus
1369 804 1482 871 Wra-
1555 867 1556 874 ,

226 907 414 976 tielasiensis
447 905 641 992 reperiuntur
662 903 828 992 Virginem
862 904 942 972 rotis
975 905 1166 990 simplicibus
1191 906 1417 974 obstrictamm
1445 913 1485 975 et

225 1011 285 1100 piis
308 1009 472 1078 charitatis
500 1009 532 1075 et
560 1009 788 1077 misericordiae
819 1007 967 1075 obeundis
994 1008 1136 1094 operibus
1165 1009 1358 1080 addictarum
1394 1012 1485 1078 Gon-

226 1117 424 1208 gregationes
445 1115 621 1198 modernae,
644 1134 723 1200 quae
745 1116 938 1201 praeclarum
963 1115 1119 1182 Ecclesiae
1149 1119 1222 1182 sunt
1254 1119 1483 1198 ornamentum

226 1225 259 1290 et
279 1223 316 1290 de
338 1221 487 1290 societate
509 1219 646 1286 hnmana
668 1221 782 1306 optime
805 1221 971 1287 merentur.
1016 1221 1162 1288 Praestat
1184 1223 1299 1303 autem,
1323 1224 1360 1287 ut
1374 1221 1483 1288 Iusti-

226 1330 298 1394 tuta
317 1325 370 1393 illa
392 1325 458 1412 jam
482 1325 613 1410 probata
635 1327 809 1411 augeantur
831 1325 926 1392 latius
946 1327 978 1392 et
1001 1329 1159 1408 crescant,
1186 1346 1278 1411 quam
1307 1330 1344 1392 ut
1373 1347 1481 1394 novae

226 1429 489 1518 Congregationes
519 1428 728 1497 efformentur.
774 1431 855 1496 Nam
883 1430 1101 1516 praeterquam
1132 1431 1213 1516 quod
1245 1431 1376 1496 eundem
1410 1432 1480 1497 fere

226 1538 318 1604 tinam
342 1539 435 1618 atquc
458 1533 608 1600 Instituta
632 1535 721 1601 modo
744 1535 909 1600 existentia
923 1533 1085 1614 haberent,
1108 1535 1278 1602 marimum
1291 1535 1479 1602 immineret

226 1639 407 1726 periculum,
430 1659 469 1706 nc
491 1658 553 1706 una
575 1657 646 1704 cum
665 1640 751 1706 obitu
767 1639 967 1704 fundatorum
989 1639 1073 1724 ipsae
1089 1640 1278 1724 exspirarent
1294 1642 1326 1706 ct
1341 1659 1478 1706 evanes-

228 1746 340 1811 cerent.
387 1744 476 1810 Vires
498 1744 655 1824 uniantur,
679 1763 739 1810 non
762 1743 953 1810 dissecentur
974 1745 1105 1828 opertet.

329 1849 385 1916 Ad
408 1847 473 1914 XI.
519 1847 598 1914 Sede
620 1848 796 1932 Episccpnli
818 1851 948 1915 vacante
971 1847 1150 1934 Capitulum
1174 1847 1330 1914 Ecclesiae
1354 1845 1477 1914 Cathe-

227 1951 324 2018 dralis
358 1952 390 2017 in
424 1951 547 2016 Vicerio
570 1950 747 2036 capitulari
769 1953 912 2038 eligendo
934 1953 1026 2037 plena
1046 1953 1195 2019 libertate
1218 1952 1341 2019 fruitur.
1385 1951 1479 2034 Quod

227 2058 300 2122 dum
324 2057 432 2136 tester,
455 2074 514 2121 non
536 2075 660 2140 possum
695 2057 770 2140 quin
803 2057 842 2122 ad
876 2058 969 2124 verba
991 2057 1121 2123 Concilii
1143 2057 1246 2132 Trid:
1272 2057 1478 2141 »Capitulum

228 2161 387 2227 Vicarium
411 2161 599 2227 constituere
621 2163 776 2240 tencatur,
799 2161 852 2246 qui
875 2163 986 2228 saltem
1011 2162 1043 2226 in
1062 2163 1133 2246 jura
1149 2162 1293 2228 canonico
1309 2163 1352 2227 sit
1366 2161 1477 2228 doctor

227 2267 275 2334 vel
296 2264 477 2332 licentiatus
499 2265 548 2330 vel
570 2265 657 2346 alias,
681 2269 832 2350 quantum
855 2267 922 2330 lieri
958 2267 1082 2350 poterit,
1110 2267 1248 2333 idoneus.
1279 2265 1323 2348 (S.
1355 2266 1472 2332 XXIV.

226 2371 256 2443 d.
279 2391 304 2438 r.
328 2389 354 2437 c.
370 2370 454 2454 161.)
477 2369 650 2454 respiciam.
681 2370 794 2436 Procul
818 2369 910 2436 dubio
933 2371 1196 2456 legisconciliaris
1218 2373 1300 2437 ratio
1321 2372 1471 2450 haeresi,

227 2478 262 2540 ut
285 2469 467 2560 postuletur
481 2474 580 2539 solida
599 2475 678 2558 juris
702 2475 904 2540 ecclesiastici
935 2477 1080 2556 scientia,
1110 2477 1210 2560 qualis
1240 2477 1280 2542 ad
1308 2477 1469 2542 Diocccsiu

226 2581 303 2645 bene
337 2569 624 2644 administrandam
647 2582 679 2644 at
712 2580 752 2644 ad
787 2599 894 2646 causas
931 2581 1137 2646 corrteutiosas
1170 2581 1230 2646 rite
1253 2581 1468 2665 dijudicandas

225 2682 368 2768 exigitur.
412 2684 504 2767 Apud
532 2703 587 2750 nos
620 2686 725 2751 autcnr
770 2686 942 2769 quicunque
975 2685 1007 2750 in
1044 2685 1251 2752 Universitatc
1284 2686 1461 2752 litterarum

225 2786 401 2872 theologica
424 2787 529 2853 studia
551 2789 692 2869 absolvit,
716 2789 799 2856 idern
817 2790 882 2873 juri
905 2791 1050 2856 corrrcnico
1064 2810 1187 2874 operam
1203 2809 1314 2856 navare
1327 2793 1359 2855 ct
1376 2809 1466 2874 super·

226 2891 332 2957 eodem
356 2891 622 2958 examinacione
645 2895 911 2978 tenerur-‚quippe
934 2895 1014 2978 quod
1037 2897 1156 2986 partem
1180 2896 1353 2960 constituat
1380 2895 1467 2960 thcc-

184 3087 187 3092 γ
225 2995 326 3080 logias
348 2995 505 3081 integram
526 3016 583 3062 uec
605 2997 748 3082 specialis
771 2998 803 3062 in
827 3018 861 3064 eo
876 2999 992 3084 gradus
1016 3000 1211 3066 academicus
1232 3000 1362 3066 conferri
1378 3000 1465 3065 solet.

225 3099 388 3184 Requisita
410 3120 492 3180 vcro,
517 3101 628 3186 quibus
658 3102 791 3186 quilibet
821 3103 860 3168 ad
888 3103 1058 3188 dignitates
1087 3107 1121 3170 et
1150 3105 1348 3180 canonicatus
1380 3123 1465 3170 asse-

225 3203 362 3290 quendas
384 3205 416 3270 in
441 3206 587 3272 Bcrussia
609 3208 736 3273 ornatus
759 3227 825 3274 esse
848 3207 953 3286 debet,
980 3209 1070 3292 juxta
1094 3209 1219 3274 Bullam
1249 3209 1464 3291 circumscrip-

225 3308 318 3374 tionis
354 3309 405 3374 dd.
443 3311 492 3376 16.
527 3309 591 3375 Jul.
633 3312 711 3376 1821
748 3333 827 3398 quae
862 3313 971 3398 incipit
1008 3312 1077 3380 »Dc
1112 3313 1220 3380 Salacia
1241 3314 1462 3392 Actiacam-mn

225 3413 424 3498 Dipaitataoc
458 3414 689 3482 Oarrorcicorum
722 3418 795 3482 sunt
840 3417 1008 3500 ejusrrrodi,
1051 3419 1087 3482 ut
1130 3418 1301 3484 necessaria
1323 3417 1465 3482 rideatur

224 3519 303 3604 legis
325 3519 412 3584 illius
435 3519 609 3620 concilieris
635 3519 803 3588 declaratio
826 3541 879 3606 pro
903 3541 997 3607 regno
1020 3523 1183 3588 Berussico
1206 3523 1342 3606 gratiose
1364 3521 1465 3604 publi·

223 3621 332 3705 canda,
352 3622 442 3707 juxta
464 3641 555 3706 quam
590 3625 800 3710 unusquisque
835 3625 1023 3710 Cepituleris
1055 3627 1096 3692 sit
1126 3627 1290 3711 eligibilis‚
1321 3625 1463 3714 quoniam

225 3746 313 3793 nemo
336 3725 747 3795 destituiturillascientiae
761 3749 913 3812 ruensura,
934 3751 1026 3816 quam
1052 3731 1141 3798 Ocno.
1167 3729 1251 3795 'ibid
1290 3749 1308 3794 a
1340 3729 1463 3817 Vicario

226 3830 397 3915 Capitulari
434 3831 572 3914 requirit.
630 3833 680 3897 Ita
714 3833 747 3898 in
779 3835 910 3920 singulis
944 3837 1065 3902 casibus
1099 3853 1203 3902 omncs
1236 3835 1463 3918 remorarentur·

224 3935 449 4001 controversiae
484 3955 607 4020 prorsus
639 3937 775 4004 inutiles,
822 3941 905 4006 Nam
938 3941 1023 4008 haud
1053 3959 1121 4006 raro
1152 3940 1204 4024 qui
1234 3940 1266 4004 in
1289 3939 1462 4006 animarum

224 4059 299 4106 cura
320 4041 460 4105 versatus
483 4041 563 4122 luit·
579 4044 633 4108 aut
654 4043 687 4108 in
710 4043 979 4110 aduriuistraticue
1010 4027 1190 4112 Diocccseos
1220 4043 1370 4127 Episcopo
1396 4043 1462 4107 uiro

223 4145 383 4212 seruitium
406 4145 574 4228 praestitit,
597 4147 636 4212 ad
657 4167 769 4214 munus
791 4149 909 4214 Vicarii
932 4147 1118 4234 Capitularis
1140 4146 1341 4214 exercendum
1363 4147 1463 4232 magis

223 4252 364 4317 censetur·
386 4249 523 4330 idoneus,
547 4271 640 4334 quam
672 4253 725 4336 qui
760 4253 792 4318 in
814 4254 983 4320 Academia
1017 4254 1195 4322 cathedram
1230 4252 1365 4318 obtinuit
1395 4251 1462 4316 lau·

222 4375 346 4422 roamve
368 4355 556 4421 doctoralem
578 4358 734 4424 assecutas
757 4357 826 4424 tuit.
952 4447 953 4450 Ἴ

325 4461 381 4527 Ad
404 4459 489 4526 XII.
534 4459 639 4540 Quoad
662 4462 793 4528 formam
815 4463 970 4530 indicendi
993 4465 1025 4530 et
1047 4463 1182 4530 faciendi
1196 4483 1388 4544 concursum,
1411 4465 1461 4548 qui

223 4581 253 4627 m
276 4565 447 4646 provisione
469 4567 668 4634 ecclesiarum
683 4568 908 4652 parochialium
923 4569 1032 4654 peragi
1051 4569 1153 4650 debet,
1178 4568 1334 4636 Sanctitas
1349 4568 1460 4638 Vestra

221 4665 286 4748 jam
309 4667 352 4731 in·
369 4669 500 4754 epistola
529 4670 568 4737 ad
598 4671 764 4758 Episcopos
795 4673 991 4742 vindobonae
1022 4677 1224 4760 congregatos
1254 4673 1374 4760 directa
1413 4674 1460 4740 dic
