<?xml version="1.0" encoding="UTF-8"?>
<!DOCTYPE html PUBLIC "-//W3C//DTD XHTML 1.0 Transitional//EN"
    "http://www.w3.org/TR/xhtml1/DTD/xhtml1-transitional.dtd">
<html xmlns="http://www.w3.org/1999/xhtml" xml:lang="en" lang="en">
 <head>
  <title>
</title>
<meta http-equiv="Content-Type" content="text/html;charset=utf-8" />
  <meta name='ocr-system' content='tesseract 3.04.00' />
  <meta name='ocr-capabilities' content='ocr_page ocr_carea ocr_par ocr_line ocrx_word'/>
</head>
<body>
  <div class='ocr_page' id='page_1' title='image "./archivfrkatholi06jurigoog/archivfrkatholi06jurigoog_0306.png"; bbox 0 0 3192 5008; ppageno 0'>
   <div class='ocr_carea' id='block_1_1' title="bbox 214 325 1456 411">
    <p class='ocr_par' dir='ltr' id='par_1_1' title="bbox 214 325 1456 411">
     <span class='ocr_line' id='line_1_1' title="bbox 214 325 1456 411; baseline 0.006 -17"><span class='ocrx_word' id='word_1_1' title='bbox 214 325 278 390; x_wconf 85' lang='lat'>300</span> <span class='ocrx_word' id='word_1_2' title='bbox 321 342 482 411; x_wconf 76' lang='lat' dir='ltr'>Bitiaseld,</span> <span class='ocrx_word' id='word_1_3' title='bbox 501 346 583 399; x_wconf 80' lang='lat' dir='ltr'>hntw.</span> <span class='ocrx_word' id='word_1_4' title='bbox 602 343 739 399; x_wconf 79' lang='lat' dir='ltr'>denischrr</span> <span class='ocrx_word' id='word_1_5' title='bbox 756 345 877 399; x_wconf 76' lang='lat' dir='ltr'>bischele</span> <span class='ocrx_word' id='word_1_6' title='bbox 896 347 943 400; x_wconf 81' lang='lat' dir='ltr'>rut</span> <span class='ocrx_word' id='word_1_7' title='bbox 957 345 998 398; x_wconf 86' lang='lat' dir='ltr'>dle</span> <span class='ocrx_word' id='word_1_8' title='bbox 1018 347 1049 400; x_wconf 90' lang='grc'>17</span> <span class='ocrx_word' id='word_1_9' title='bbox 1068 347 1167 411; x_wconf 75' lang='lat' dir='ltr'>verger</span> <span class='ocrx_word' id='word_1_10' title='bbox 1186 347 1233 400; x_wconf 89' lang='lat' dir='ltr'>der</span> <span class='ocrx_word' id='word_1_11' title='bbox 1250 349 1343 411; x_wconf 77' lang='lat' dir='ltr'>congr.</span> <span class='ocrx_word' id='word_1_12' title='bbox 1362 348 1456 402; x_wconf 75' lang='lat' dir='ltr'>concil.</span> 
     </span>
    </p>
   </div>
   <div class='ocr_carea' id='block_1_2' title="bbox 211 514 1458 2061">
    <p class='ocr_par' dir='ltr' id='par_1_2' title="bbox 212 514 1458 1106">
     <span class='ocr_line' id='line_1_2' title="bbox 213 514 1457 602; baseline 0.002 -21"><span class='ocrx_word' id='word_1_13' title='bbox 213 516 370 583; x_wconf 86' lang='lat' dir='ltr'>ineantur.</span> <span class='ocrx_word' id='word_1_14' title='bbox 416 514 561 582; x_wconf 77' lang='lat' dir='ltr'>Ceterum</span> <span class='ocrx_word' id='word_1_15' title='bbox 594 515 717 600; x_wconf 87' lang='lat' dir='ltr'>qnando</span> <span class='ocrx_word' id='word_1_16' title='bbox 738 515 889 595; x_wconf 79' lang='lat' dir='ltr'>evenerit,</span> <span class='ocrx_word' id='word_1_17' title='bbox 923 517 960 582; x_wconf 91' lang='grc' dir='ltr'>ιιι</span> <span class='ocrx_word' id='word_1_18' title='bbox 993 516 1190 584; x_wconf 87' lang='lat' dir='ltr'>matrimonia</span> <span class='ocrx_word' id='word_1_19' title='bbox 1223 535 1326 584; x_wconf 88' lang='lat' dir='ltr'>coram</span> <span class='ocrx_word' id='word_1_20' title='bbox 1352 517 1457 602; x_wconf 87' lang='lat' dir='ltr'>judice</span> 
     </span>
     <span class='ocr_line' id='line_1_3' title="bbox 213 617 1457 706; baseline 0.002 -20"><span class='ocrx_word' id='word_1_21' title='bbox 213 620 298 687; x_wconf 83' lang='lat' dir='ltr'>cirili</span> <span class='ocrx_word' id='word_1_22' title='bbox 320 621 384 686; x_wconf 91' lang='lat' dir='ltr'>sint</span> <span class='ocrx_word' id='word_1_23' title='bbox 413 619 561 699; x_wconf 89' lang='lat' dir='ltr'>ineunda,</span> <span class='ocrx_word' id='word_1_24' title='bbox 595 617 753 686; x_wconf 71' lang='lat' dir='ltr'><strong>Sanctitas</strong></span> <span class='ocrx_word' id='word_1_25' title='bbox 787 620 899 686; x_wconf 87' lang='lat' dir='ltr'>Vestra</span> <span class='ocrx_word' id='word_1_26' title='bbox 932 640 986 706; x_wconf 94' lang='lat' dir='ltr'>pro</span> <span class='ocrx_word' id='word_1_27' title='bbox 1020 640 1142 687; x_wconf 90' lang='lat' dir='ltr'>summa</span> <span class='ocrx_word' id='word_1_28' title='bbox 1175 622 1328 705; x_wconf 87' lang='lat' dir='ltr'>sapientia</span> <span class='ocrx_word' id='word_1_29' title='bbox 1354 625 1457 690; x_wconf 87' lang='lat' dir='ltr'>omnia</span> 
     </span>
     <span class='ocr_line' id='line_1_4' title="bbox 214 725 1457 811; baseline 0.002 -21"><span class='ocrx_word' id='word_1_30' title='bbox 214 725 386 810; x_wconf 90' lang='lat' dir='ltr'>opportuna</span> <span class='ocrx_word' id='word_1_31' title='bbox 415 725 589 811; x_wconf 77' lang='lat' dir='ltr'>providebit</span> <span class='ocrx_word' id='word_1_32' title='bbox 622 727 714 810; x_wconf 88' lang='lat' dir='ltr'>atque</span> <span class='ocrx_word' id='word_1_33' title='bbox 747 726 889 810; x_wconf 82' lang='lat' dir='ltr'>inprimis</span> <span class='ocrx_word' id='word_1_34' title='bbox 908 726 1072 810; x_wconf 86' lang='lat' dir='ltr'>llpiscopos</span> <span class='ocrx_word' id='word_1_35' title='bbox 1105 727 1286 791; x_wconf 88' lang='lat' dir='ltr'>necessariis</span> <span class='ocrx_word' id='word_1_36' title='bbox 1319 729 1457 793; x_wconf 85' lang='lat' dir='ltr'>exstruet</span> 
     </span>
     <span class='ocr_line' id='line_1_5' title="bbox 212 829 1457 915; baseline 0.002 -21"><span class='ocrx_word' id='word_1_37' title='bbox 212 829 432 912; x_wconf 79' lang='lat' dir='ltr'>facultatibus,</span> <span class='ocrx_word' id='word_1_38' title='bbox 466 832 503 896; x_wconf 90' lang='lat' dir='ltr'>ut</span> <span class='ocrx_word' id='word_1_39' title='bbox 536 830 658 896; x_wconf 82' lang='lat' dir='ltr'>facilius</span> <span class='ocrx_word' id='word_1_40' title='bbox 691 830 908 915; x_wconf 86' lang='lat' dir='ltr'>efficaciusque</span> <span class='ocrx_word' id='word_1_41' title='bbox 941 830 1055 896; x_wconf 90' lang='lat' dir='ltr'>damna</span> <span class='ocrx_word' id='word_1_42' title='bbox 1088 829 1284 897; x_wconf 76' lang='lat' dir='ltr'>imminentia</span> <span class='ocrx_word' id='word_1_43' title='bbox 1317 833 1457 898; x_wconf 88' lang='lat' dir='ltr'>avertero</span> 
     </span>
     <span class='ocr_line' id='line_1_6' title="bbox 213 933 1458 1019; baseline 0.002 -21"><span class='ocrx_word' id='word_1_44' title='bbox 213 936 307 1018; x_wconf 87' lang='lat' dir='ltr'>atque</span> <span class='ocrx_word' id='word_1_45' title='bbox 328 934 527 1000; x_wconf 89' lang='lat' dir='ltr'>matrimonia</span> <span class='ocrx_word' id='word_1_46' title='bbox 548 933 670 1019; x_wconf 79' lang='lat' dir='ltr'>legibue</span> <span class='ocrx_word' id='word_1_47' title='bbox 694 933 767 1002; x_wconf 90' lang='lat' dir='ltr'>eccl.</span> <span class='ocrx_word' id='word_1_48' title='bbox 790 933 979 1018; x_wconf 83' lang='lat' dir='ltr'>posthabitis</span> <span class='ocrx_word' id='word_1_49' title='bbox 1009 934 1087 1000; x_wconf 85' lang='lat' dir='ltr'>initu</span> <span class='ocrx_word' id='word_1_50' title='bbox 1111 937 1144 998; x_wconf 89' lang='lat' dir='ltr'>in</span> <span class='ocrx_word' id='word_1_51' title='bbox 1167 933 1311 1019; x_wconf 87' lang='lat' dir='ltr'>legitima</span> <span class='ocrx_word' id='word_1_52' title='bbox 1334 937 1365 1002; x_wconf 90' lang='lat' dir='ltr'>et</span> <span class='ocrx_word' id='word_1_53' title='bbox 1387 937 1458 1000; x_wconf 89' lang='lat' dir='ltr'>rata</span> 
     </span>
     <span class='ocr_line' id='line_1_7' title="bbox 213 1037 545 1106; baseline 0.006 -2"><span class='ocrx_word' id='word_1_54' title='bbox 213 1039 389 1106; x_wconf 89' lang='lat' dir='ltr'>convertere</span> <span class='ocrx_word' id='word_1_55' title='bbox 410 1037 545 1106; x_wconf 85' lang='lat' dir='ltr'>valeant</span> 
     </span>
    </p>

    <p class='ocr_par' dir='ltr' id='par_1_3' title="bbox 211 1141 1458 2061">
     <span class='ocr_line' id='line_1_8' title="bbox 318 1141 1457 1228; baseline -0.001 -18"><span class='ocrx_word' id='word_1_56' title='bbox 318 1144 464 1228; x_wconf 75' lang='lat' dir='ltr'>Quaestio</span> <span class='ocrx_word' id='word_1_57' title='bbox 486 1141 548 1210; x_wconf 82' lang='lat' dir='ltr'>1v.</span> <span class='ocrx_word' id='word_1_58' title='bbox 592 1141 793 1208; x_wconf 81' lang='lat' dir='ltr'>Matrimonia</span> <span class='ocrx_word' id='word_1_59' title='bbox 815 1143 905 1208; x_wconf 89' lang='lat' dir='ltr'>mixti</span> <span class='ocrx_word' id='word_1_60' title='bbox 928 1144 960 1208; x_wconf 93' lang='lat' dir='ltr'>in</span> <span class='ocrx_word' id='word_1_61' title='bbox 981 1143 1077 1210; x_wconf 89' lang='lat' dir='ltr'>dioec.</span> <span class='ocrx_word' id='word_1_62' title='bbox 1092 1144 1250 1223; x_wconf 75' lang='lat' dir='ltr'>Rottenb,</span> <span class='ocrx_word' id='word_1_63' title='bbox 1270 1162 1457 1228; x_wconf 87' lang='lat' dir='ltr'>quamquam</span> 
     </span>
     <span class='ocr_line' id='line_1_9' title="bbox 214 1245 1458 1335; baseline 0.002 -24"><span class='ocrx_word' id='word_1_64' title='bbox 214 1247 395 1330; x_wconf 87' lang='lat' dir='ltr'>aparochis</span> <span class='ocrx_word' id='word_1_65' title='bbox 415 1266 470 1331; x_wconf 93' lang='lat' dir='ltr'>pro</span> <span class='ocrx_word' id='word_1_66' title='bbox 493 1245 585 1312; x_wconf 86' lang='lat' dir='ltr'>officii</span> <span class='ocrx_word' id='word_1_67' title='bbox 608 1265 735 1312; x_wconf 88' lang='lat' dir='ltr'>munere</span> <span class='ocrx_word' id='word_1_68' title='bbox 757 1247 880 1314; x_wconf 86' lang='lat' dir='ltr'>fortiter</span> <span class='ocrx_word' id='word_1_69' title='bbox 902 1247 1143 1335; x_wconf 90' lang='lat' dir='ltr'>impugnantur,</span> <span class='ocrx_word' id='word_1_70' title='bbox 1165 1249 1204 1315; x_wconf 92' lang='lat' dir='ltr'>ob</span> <span class='ocrx_word' id='word_1_71' title='bbox 1226 1249 1458 1334; x_wconf 76' lang='lat' dir='ltr'>populationem</span> 
     </span>
     <span class='ocr_line' id='line_1_10' title="bbox 215 1351 1457 1438; baseline 0.002 -22"><span class='ocrx_word' id='word_1_72' title='bbox 215 1351 248 1416; x_wconf 93' lang='lat' dir='ltr'>in</span> <span class='ocrx_word' id='word_1_73' title='bbox 269 1351 388 1437; x_wconf 89' lang='lat' dir='ltr'>oppidis</span> <span class='ocrx_word' id='word_1_74' title='bbox 422 1353 455 1418; x_wconf 89' lang='lat' dir='ltr'>et</span> <span class='ocrx_word' id='word_1_75' title='bbox 486 1351 576 1436; x_wconf 81' lang='lat' dir='ltr'>pagis</span> <span class='ocrx_word' id='word_1_76' title='bbox 609 1351 738 1417; x_wconf 82' lang='lat' dir='ltr'>mixtam</span> <span class='ocrx_word' id='word_1_77' title='bbox 767 1369 987 1436; x_wconf 87' lang='lat' dir='ltr'>saepenumero</span> <span class='ocrx_word' id='word_1_78' title='bbox 1009 1353 1243 1420; x_wconf 85' lang='lat' dir='ltr'>contrabuntur.</span> <span class='ocrx_word' id='word_1_79' title='bbox 1287 1353 1457 1438; x_wconf 82' lang='lat' dir='ltr'>Episcopus</span> 
     </span>
     <span class='ocr_line' id='line_1_11' title="bbox 216 1455 1454 1543; baseline 0.004 -23"><span class='ocrx_word' id='word_1_80' title='bbox 216 1455 254 1522; x_wconf 92' lang='lat' dir='ltr'>de</span> <span class='ocrx_word' id='word_1_81' title='bbox 277 1456 392 1521; x_wconf 87' lang='lat' dir='ltr'>mixtae</span> <span class='ocrx_word' id='word_1_82' title='bbox 425 1455 586 1542; x_wconf 86' lang='lat' dir='ltr'>religionis</span> <span class='ocrx_word' id='word_1_83' title='bbox 608 1455 829 1540; x_wconf 92' lang='lat' dir='ltr'>impedimento</span> <span class='ocrx_word' id='word_1_84' title='bbox 858 1476 917 1523; x_wconf 93' lang='lat' dir='ltr'>non</span> <span class='ocrx_word' id='word_1_85' title='bbox 945 1457 1103 1542; x_wconf 88' lang='lat' dir='ltr'>dispensat</span> <span class='ocrx_word' id='word_1_86' title='bbox 1131 1476 1229 1542; x_wconf 89' lang='lat' dir='ltr'>neque</span> <span class='ocrx_word' id='word_1_87' title='bbox 1252 1457 1454 1543; x_wconf 71' lang='lat' dir='ltr'>parcentia</span> 
     </span>
     <span class='ocr_line' id='line_1_12' title="bbox 213 1560 1458 1647; baseline 0 -21"><span class='ocrx_word' id='word_1_88' title='bbox 213 1560 295 1626; x_wconf 88' lang='lat' dir='ltr'>libus</span> <span class='ocrx_word' id='word_1_89' title='bbox 324 1560 532 1628; x_wconf 86' lang='lat' dir='ltr'>matrimoniis</span> <span class='ocrx_word' id='word_1_90' title='bbox 566 1560 732 1640; x_wconf 88' lang='lat' dir='ltr'>assistunt,</span> <span class='ocrx_word' id='word_1_91' title='bbox 766 1560 827 1626; x_wconf 91' lang='lat' dir='ltr'>nisi</span> <span class='ocrx_word' id='word_1_92' title='bbox 853 1561 1080 1627; x_wconf 87' lang='lat' dir='ltr'>conditionibus</span> <span class='ocrx_word' id='word_1_93' title='bbox 1112 1562 1187 1629; x_wconf 89' lang='lat' dir='ltr'>eccl.</span> <span class='ocrx_word' id='word_1_94' title='bbox 1221 1562 1384 1647; x_wconf 89' lang='lat' dir='ltr'>praecipue</span> <span class='ocrx_word' id='word_1_95' title='bbox 1419 1560 1458 1626; x_wconf 89' lang='lat' dir='ltr'>de</span> 
     </span>
     <span class='ocr_line' id='line_1_13' title="bbox 214 1663 1457 1749; baseline -0.001 -20"><span class='ocrx_word' id='word_1_96' title='bbox 214 1663 381 1729; x_wconf 81' lang='lat' dir='ltr'>educandis</span> <span class='ocrx_word' id='word_1_97' title='bbox 402 1664 435 1728; x_wconf 93' lang='lat' dir='ltr'>in</span> <span class='ocrx_word' id='word_1_98' title='bbox 456 1664 605 1748; x_wconf 89' lang='lat' dir='ltr'>religione</span> <span class='ocrx_word' id='word_1_99' title='bbox 628 1663 709 1730; x_wconf 90' lang='lat' dir='ltr'>cath.</span> <span class='ocrx_word' id='word_1_100' title='bbox 732 1663 840 1730; x_wconf 91' lang='lat' dir='ltr'>liberis</span> <span class='ocrx_word' id='word_1_101' title='bbox 854 1665 914 1730; x_wconf 90' lang='lat' dir='ltr'>rite</span> <span class='ocrx_word' id='word_1_102' title='bbox 929 1665 1097 1748; x_wconf 89' lang='lat' dir='ltr'>promissis.</span> <span class='ocrx_word' id='word_1_103' title='bbox 1129 1664 1214 1748; x_wconf 78' lang='lat' dir='ltr'>Quae</span> <span class='ocrx_word' id='word_1_104' title='bbox 1229 1665 1457 1749; x_wconf 87' lang='lat' dir='ltr'>promissiones,</span> 
     </span>
     <span class='ocr_line' id='line_1_14' title="bbox 211 1767 1456 1854; baseline 0.002 -22"><span class='ocrx_word' id='word_1_105' title='bbox 211 1769 248 1833; x_wconf 90' lang='lat' dir='ltr'>ut</span> <span class='ocrx_word' id='word_1_106' title='bbox 270 1767 427 1852; x_wconf 88' lang='lat' dir='ltr'>publicum</span> <span class='ocrx_word' id='word_1_107' title='bbox 460 1767 688 1852; x_wconf 89' lang='lat' dir='ltr'>adipsisoantnr</span> <span class='ocrx_word' id='word_1_108' title='bbox 720 1767 873 1847; x_wconf 90' lang='lat' dir='ltr'>valorem,</span> <span class='ocrx_word' id='word_1_109' title='bbox 906 1788 961 1852; x_wconf 91' lang='lat' dir='ltr'>pro</span> <span class='ocrx_word' id='word_1_110' title='bbox 994 1769 1117 1854; x_wconf 86' lang='lat' dir='ltr'>legibus</span> <span class='ocrx_word' id='word_1_111' title='bbox 1150 1769 1326 1854; x_wconf 89' lang='lat' dir='ltr'>vigentibus</span> <span class='ocrx_word' id='word_1_112' title='bbox 1353 1788 1456 1835; x_wconf 93' lang='lat' dir='ltr'>coram</span> 
     </span>
     <span class='ocr_line' id='line_1_15' title="bbox 214 1870 1456 1959; baseline 0.003 -23"><span class='ocrx_word' id='word_1_113' title='bbox 214 1870 364 1937; x_wconf 82' lang='lat' dir='ltr'>domicilii</span> <span class='ocrx_word' id='word_1_114' title='bbox 387 1873 575 1959; x_wconf 83' lang='lat' dir='ltr'>inagistratn</span> <span class='ocrx_word' id='word_1_115' title='bbox 599 1871 803 1938; x_wconf 84' lang='lat' dir='ltr'>communiter</span> <span class='ocrx_word' id='word_1_116' title='bbox 825 1874 864 1938; x_wconf 90' lang='lat' dir='ltr'>ab</span> <span class='ocrx_word' id='word_1_117' title='bbox 889 1875 1018 1958; x_wconf 90' lang='lat' dir='ltr'>utraque</span> <span class='ocrx_word' id='word_1_118' title='bbox 1043 1876 1132 1958; x_wconf 88' lang='lat' dir='ltr'>parte</span> <span class='ocrx_word' id='word_1_119' title='bbox 1153 1876 1227 1940; x_wconf 90' lang='lat' dir='ltr'>sunt</span> <span class='ocrx_word' id='word_1_120' title='bbox 1256 1874 1456 1940; x_wconf 90' lang='lat' dir='ltr'>emittendae.</span> 
     </span>
     <span class='ocr_line' id='line_1_16' title="bbox 216 1973 1458 2061; baseline 0 -19"><span class='ocrx_word' id='word_1_121' title='bbox 216 1973 367 2057; x_wconf 83' lang='lat' dir='ltr'>Quocirca</span> <span class='ocrx_word' id='word_1_122' title='bbox 388 1977 529 2061; x_wconf 92' lang='lat' dir='ltr'>parochis</span> <span class='ocrx_word' id='word_1_123' title='bbox 548 1977 672 2042; x_wconf 89' lang='lat' dir='ltr'>tanturn</span> <span class='ocrx_word' id='word_1_124' title='bbox 689 1977 847 2042; x_wconf 86' lang='lat' dir='ltr'>cautiones</span> <span class='ocrx_word' id='word_1_125' title='bbox 861 1977 985 2061; x_wconf 88' lang='lat' dir='ltr'>publica</span> <span class='ocrx_word' id='word_1_126' title='bbox 1000 1977 1060 2043; x_wconf 88' lang='lat' dir='ltr'>fide</span> <span class='ocrx_word' id='word_1_127' title='bbox 1075 1976 1274 2055; x_wconf 84' lang='lat' dir='ltr'>confirmatas</span> <span class='ocrx_word' id='word_1_128' title='bbox 1290 1977 1458 2043; x_wconf 89' lang='lat' dir='ltr'>admittere</span> 
     </span>
    </p>
   </div>
   <div class='ocr_carea' id='block_1_3' title="bbox 215 2061 1590 2168">
    <p class='ocr_par' dir='ltr' id='par_1_4' title="bbox 215 2061 1590 2168">
     <span class='ocr_line' id='line_1_17' title="bbox 215 2061 1590 2168; baseline -0.001 -21"><span class='ocrx_word' id='word_1_129' title='bbox 215 2081 263 2147; x_wconf 87' lang='lat' dir='ltr'>iae</span> <span class='ocrx_word' id='word_1_130' title='bbox 285 2082 342 2147; x_wconf 92' lang='lat' dir='ltr'>est.</span> <span class='ocrx_word' id='word_1_131' title='bbox 387 2080 599 2147; x_wconf 88' lang='lat' dir='ltr'>Nihilominus</span> <span class='ocrx_word' id='word_1_132' title='bbox 620 2081 707 2166; x_wconf 84' lang='lat' dir='ltr'>juxta</span> <span class='ocrx_word' id='word_1_133' title='bbox 728 2081 814 2166; x_wconf 85' lang='lat' dir='ltr'>leges</span> <span class='ocrx_word' id='word_1_134' title='bbox 835 2081 976 2168; x_wconf 88' lang='lat' dir='ltr'>vigentes</span> <span class='ocrx_word' id='word_1_135' title='bbox 998 2082 1197 2167; x_wconf 87' lang='lat' dir='ltr'>conjugibus,</span> <span class='ocrx_word' id='word_1_136' title='bbox 1228 2061 1371 2165; x_wconf 68' lang='lat' dir='ltr'>duamvis</span> <span class='ocrx_word' id='word_1_137' title='bbox 1390 2100 1459 2147; x_wconf 86' lang='lat' dir='ltr'>sese</span> <span class='ocrx_word' id='word_1_138' title='bbox 1589 2087 1590 2118; x_wconf 85' lang='lat'>³</span> 
     </span>
    </p>
   </div>
   <div class='ocr_carea' id='block_1_4' title="bbox 215 2179 1459 2270">
    <p class='ocr_par' dir='ltr' id='par_1_5' title="bbox 215 2179 1459 2270">
     <span class='ocr_line' id='line_1_18' title="bbox 215 2179 1459 2270; baseline -0.001 -20"><span class='ocrx_word' id='word_1_139' title='bbox 215 2185 349 2252; x_wconf 86' lang='lat' dir='ltr'>invicem</span> <span class='ocrx_word' id='word_1_140' title='bbox 372 2185 410 2253; x_wconf 92' lang='lat' dir='ltr'>de</span> <span class='ocrx_word' id='word_1_141' title='bbox 431 2179 598 2252; x_wconf 90' lang='lat' dir='ltr'>educandis</span> <span class='ocrx_word' id='word_1_142' title='bbox 629 2185 662 2250; x_wconf 90' lang='lat' dir='ltr'>in</span> <span class='ocrx_word' id='word_1_143' title='bbox 695 2185 843 2270; x_wconf 85' lang='lat' dir='ltr'>religione</span> <span class='ocrx_word' id='word_1_144' title='bbox 876 2185 988 2251; x_wconf 93' lang='lat' dir='ltr'>cathol.</span> <span class='ocrx_word' id='word_1_145' title='bbox 1011 2185 1118 2252; x_wconf 87' lang='lat' dir='ltr'>liberis</span> <span class='ocrx_word' id='word_1_146' title='bbox 1150 2189 1211 2253; x_wconf 91' lang='lat' dir='ltr'>rite</span> <span class='ocrx_word' id='word_1_147' title='bbox 1241 2185 1459 2270; x_wconf 83' lang='lat' dir='ltr'>obligaverint,</span> 
     </span>
    </p>
   </div>
   <div class='ocr_carea' id='block_1_5' title="bbox 216 2281 1590 2375">
    <p class='ocr_par' dir='ltr' id='par_1_6' title="bbox 216 2281 1590 2375">
     <span class='ocr_line' id='line_1_19' title="bbox 216 2281 1590 2375; baseline -0.001 -20"><span class='ocrx_word' id='word_1_148' title='bbox 216 2291 265 2356; x_wconf 90' lang='lat' dir='ltr'>est</span> <span class='ocrx_word' id='word_1_149' title='bbox 285 2291 488 2375; x_wconf 87' lang='lat' dir='ltr'>permissum,</span> <span class='ocrx_word' id='word_1_150' title='bbox 516 2310 573 2375; x_wconf 95' lang='lat' dir='ltr'>pro</span> <span class='ocrx_word' id='word_1_151' title='bbox 595 2291 703 2356; x_wconf 91' lang='lat' dir='ltr'>mutuo</span> <span class='ocrx_word' id='word_1_152' title='bbox 725 2289 823 2356; x_wconf 91' lang='lat' dir='ltr'>libero</span> <span class='ocrx_word' id='word_1_153' title='bbox 846 2290 975 2356; x_wconf 88' lang='lat' dir='ltr'>arbitrio</span> <span class='ocrx_word' id='word_1_154' title='bbox 997 2291 1105 2374; x_wconf 87' lang='lat' dir='ltr'>postea</span> <span class='ocrx_word' id='word_1_155' title='bbox 1127 2289 1212 2355; x_wconf 88' lang='lat' dir='ltr'>aliud</span> <span class='ocrx_word' id='word_1_156' title='bbox 1234 2291 1386 2369; x_wconf 86' lang='lat' dir='ltr'>statuere,</span> <span class='ocrx_word' id='word_1_157' title='bbox 1410 2290 1460 2354; x_wconf 87' lang='lat' dir='ltr'>ita</span> <span class='ocrx_word' id='word_1_158' title='bbox 1589 2281 1590 2292; x_wconf 61' lang='lat'>‘</span> 
     </span>
    </p>
   </div>
   <div class='ocr_carea' id='block_1_6' title="bbox 215 2395 1460 2688">
    <p class='ocr_par' dir='ltr' id='par_1_7' title="bbox 215 2395 1460 2688">
     <span class='ocr_line' id='line_1_20' title="bbox 215 2395 1459 2480; baseline -0.002 -20"><span class='ocrx_word' id='word_1_159' title='bbox 215 2397 253 2460; x_wconf 92' lang='grc' dir='ltr'>ιιι</span> <span class='ocrx_word' id='word_1_160' title='bbox 273 2395 501 2479; x_wconf 88' lang='lat' dir='ltr'>praedictarum</span> <span class='ocrx_word' id='word_1_161' title='bbox 535 2395 773 2480; x_wconf 87' lang='lat' dir='ltr'>promissionum</span> <span class='ocrx_word' id='word_1_162' title='bbox 806 2395 907 2460; x_wconf 87' lang='lat' dir='ltr'>visin</span> <span class='ocrx_word' id='word_1_163' title='bbox 930 2414 964 2461; x_wconf 89' lang='lat' dir='ltr'>eo</span> <span class='ocrx_word' id='word_1_164' title='bbox 996 2395 1194 2479; x_wconf 89' lang='lat' dir='ltr'>potissimum</span> <span class='ocrx_word' id='word_1_165' title='bbox 1221 2395 1386 2472; x_wconf 87' lang='lat' dir='ltr'>consistat,</span> <span class='ocrx_word' id='word_1_166' title='bbox 1420 2395 1459 2459; x_wconf 91' lang='lat' dir='ltr'>ut</span> 
     </span>
     <span class='ocr_line' id='line_1_21' title="bbox 216 2499 1457 2592; baseline -0.002 -27"><span class='ocrx_word' id='word_1_167' title='bbox 216 2518 279 2565; x_wconf 90' lang='lat' dir='ltr'>una</span> <span class='ocrx_word' id='word_1_168' title='bbox 299 2500 389 2584; x_wconf 89' lang='lat' dir='ltr'>parte</span> <span class='ocrx_word' id='word_1_169' title='bbox 411 2501 544 2581; x_wconf 88' lang='lat' dir='ltr'>mortua,</span> <span class='ocrx_word' id='word_1_170' title='bbox 568 2499 668 2565; x_wconf 88' lang='lat' dir='ltr'>altere</span> <span class='ocrx_word' id='word_1_171' title='bbox 690 2499 887 2583; x_wconf 85' lang='lat' dir='ltr'>supervivens</span> <span class='ocrx_word' id='word_1_172' title='bbox 908 2499 1082 2592; x_wconf 84' lang='lat' dir='ltr'>stabilitam</span> <span class='ocrx_word' id='word_1_173' title='bbox 1104 2499 1320 2566; x_wconf 90' lang='lat' dir='ltr'>educationem</span> <span class='ocrx_word' id='word_1_174' title='bbox 1339 2499 1457 2563; x_wconf 90' lang='lat' dir='ltr'>immu-</span> 
     </span>
     <span class='ocr_line' id='line_1_22' title="bbox 216 2603 1460 2688; baseline -0.001 -20"><span class='ocrx_word' id='word_1_175' title='bbox 216 2605 284 2670; x_wconf 90' lang='lat' dir='ltr'>tare</span> <span class='ocrx_word' id='word_1_176' title='bbox 304 2623 366 2670; x_wconf 91' lang='lat' dir='ltr'>non</span> <span class='ocrx_word' id='word_1_177' title='bbox 388 2603 495 2688; x_wconf 89' lang='lat' dir='ltr'>possit.</span> <span class='ocrx_word' id='word_1_178' title='bbox 541 2603 672 2668; x_wconf 91' lang='lat' dir='ltr'>Perraro</span> <span class='ocrx_word' id='word_1_179' title='bbox 698 2604 804 2669; x_wconf 90' lang='lat' dir='ltr'>autem</span> <span class='ocrx_word' id='word_1_180' title='bbox 833 2604 961 2683; x_wconf 91' lang='lat' dir='ltr'>accidit,</span> <span class='ocrx_word' id='word_1_181' title='bbox 989 2606 1025 2669; x_wconf 90' lang='lat' dir='ltr'>nt</span> <span class='ocrx_word' id='word_1_182' title='bbox 1051 2604 1202 2688; x_wconf 91' lang='lat' dir='ltr'>promissa</span> <span class='ocrx_word' id='word_1_183' title='bbox 1230 2603 1460 2688; x_wconf 86' lang='lat' dir='ltr'>infrangantur,</span> 
     </span>
    </p>
   </div>
   <div class='ocr_carea' id='block_1_7' title="bbox 216 2683 1589 2792">
    <p class='ocr_par' dir='ltr' id='par_1_8' title="bbox 216 2683 1589 2792">
     <span class='ocr_line' id='line_1_23' title="bbox 216 2683 1589 2792; baseline -0.004 -19"><span class='ocrx_word' id='word_1_184' title='bbox 216 2727 287 2773; x_wconf 90' lang='lat' dir='ltr'>nam</span> <span class='ocrx_word' id='word_1_185' title='bbox 311 2707 483 2774; x_wconf 90' lang='lat' dir='ltr'>catholicae</span> <span class='ocrx_word' id='word_1_186' title='bbox 504 2707 587 2792; x_wconf 89' lang='lat' dir='ltr'>parti</span> <span class='ocrx_word' id='word_1_187' title='bbox 609 2707 808 2792; x_wconf 87' lang='lat' dir='ltr'>obligationis</span> <span class='ocrx_word' id='word_1_188' title='bbox 841 2708 990 2774; x_wconf 84' lang='lat' dir='ltr'>sanctitas</span> <span class='ocrx_word' id='word_1_189' title='bbox 1023 2709 1055 2773; x_wconf 88' lang='lat' dir='ltr'>et</span> <span class='ocrx_word' id='word_1_190' title='bbox 1088 2709 1213 2774; x_wconf 87' lang='lat' dir='ltr'>anteat</span> <span class='ocrx_word' id='word_1_191' title='bbox 1240 2708 1310 2792; x_wconf 91' lang='lat' dir='ltr'>post</span> <span class='ocrx_word' id='word_1_192' title='bbox 1343 2706 1459 2772; x_wconf 89' lang='lat' dir='ltr'>matri·</span> <span class='ocrx_word' id='word_1_193' title='bbox 1588 2683 1589 2734; x_wconf 76' lang='lat'>3</span> 
     </span>
    </p>
   </div>
   <div class='ocr_carea' id='block_1_8' title="bbox 216 2811 1462 3419">
    <p class='ocr_par' dir='ltr' id='par_1_9' title="bbox 216 2811 1462 3419">
     <span class='ocr_line' id='line_1_24' title="bbox 216 2811 1461 2897; baseline -0.006 -15"><span class='ocrx_word' id='word_1_194' title='bbox 216 2813 354 2884; x_wconf 80' lang='lat' dir='ltr'>nomem</span> <span class='ocrx_word' id='word_1_195' title='bbox 377 2813 570 2879; x_wconf 90' lang='lat' dir='ltr'>contractum</span> <span class='ocrx_word' id='word_1_196' title='bbox 591 2812 675 2877; x_wconf 93' lang='lat' dir='ltr'>omni</span> <span class='ocrx_word' id='word_1_197' title='bbox 697 2811 853 2878; x_wconf 90' lang='lat' dir='ltr'>doctrinae</span> <span class='ocrx_word' id='word_1_198' title='bbox 877 2812 992 2896; x_wconf 85' lang='lat' dir='ltr'>virtute</span> <span class='ocrx_word' id='word_1_199' title='bbox 1021 2831 1095 2897; x_wconf 90' lang='lat' dir='ltr'>prae</span> <span class='ocrx_word' id='word_1_200' title='bbox 1122 2812 1218 2878; x_wconf 91' lang='lat' dir='ltr'>oculis</span> <span class='ocrx_word' id='word_1_201' title='bbox 1240 2811 1375 2896; x_wconf 89' lang='lat' dir='ltr'>ponitur.</span> <span class='ocrx_word' id='word_1_202' title='bbox 1421 2811 1461 2875; x_wconf 87' lang='lat' dir='ltr'>In</span> 
     </span>
     <span class='ocr_line' id='line_1_25' title="bbox 216 2914 1459 3000; baseline -0.001 -20"><span class='ocrx_word' id='word_1_203' title='bbox 216 2917 378 3000; x_wconf 90' lang='lat' dir='ltr'>perpaucis</span> <span class='ocrx_word' id='word_1_204' title='bbox 400 2921 506 2983; x_wconf 88' lang='lat' dir='ltr'>autem</span> <span class='ocrx_word' id='word_1_205' title='bbox 529 2915 668 2994; x_wconf 89' lang='lat' dir='ltr'>casibus,</span> <span class='ocrx_word' id='word_1_206' title='bbox 691 2916 803 3000; x_wconf 88' lang='lat' dir='ltr'>quihus</span> <span class='ocrx_word' id='word_1_207' title='bbox 825 2916 1043 3000; x_wconf 89' lang='lat' dir='ltr'>promissiones</span> <span class='ocrx_word' id='word_1_208' title='bbox 1068 2935 1129 2981; x_wconf 92' lang='lat' dir='ltr'>non</span> <span class='ocrx_word' id='word_1_209' title='bbox 1160 2918 1233 2981; x_wconf 89' lang='lat' dir='ltr'>sunt</span> <span class='ocrx_word' id='word_1_210' title='bbox 1261 2914 1459 2999; x_wconf 88' lang='lat' dir='ltr'>adimpletae,</span> 
     </span>
     <span class='ocr_line' id='line_1_26' title="bbox 216 3019 1460 3105; baseline -0.002 -19"><span class='ocrx_word' id='word_1_211' title='bbox 216 3021 300 3087; x_wconf 93' lang='lat' dir='ltr'>illico</span> <span class='ocrx_word' id='word_1_212' title='bbox 323 3019 416 3087; x_wconf 84' lang='lat' dir='ltr'>Curia</span> <span class='ocrx_word' id='word_1_213' title='bbox 439 3020 619 3105; x_wconf 90' lang='lat' dir='ltr'>episcopalis</span> <span class='ocrx_word' id='word_1_214' title='bbox 643 3021 828 3104; x_wconf 89' lang='lat' dir='ltr'>opportunas</span> <span class='ocrx_word' id='word_1_215' title='bbox 860 3019 899 3085; x_wconf 90' lang='lat' dir='ltr'>ad</span> <span class='ocrx_word' id='word_1_216' title='bbox 921 3020 1089 3104; x_wconf 89' lang='lat' dir='ltr'>parocbum</span> <span class='ocrx_word' id='word_1_217' title='bbox 1116 3020 1203 3086; x_wconf 89' lang='lat' dir='ltr'>dedit</span> <span class='ocrx_word' id='word_1_218' title='bbox 1224 3019 1460 3085; x_wconf 84' lang='lat' dir='ltr'>informationes</span> 
     </span>
     <span class='ocr_line' id='line_1_27' title="bbox 217 3123 1460 3212; baseline -0.001 -21"><span class='ocrx_word' id='word_1_219' title='bbox 217 3126 255 3191; x_wconf 91' lang='lat' dir='ltr'>de</span> <span class='ocrx_word' id='word_1_220' title='bbox 278 3126 391 3212; x_wconf 68' lang='lat' dir='ltr'>agend</span> <span class='ocrx_word' id='word_1_221' title='bbox 413 3145 484 3191; x_wconf 91' lang='lat' dir='ltr'>cum</span> <span class='ocrx_word' id='word_1_222' title='bbox 505 3127 593 3210; x_wconf 92' lang='lat' dir='ltr'>parte</span> <span class='ocrx_word' id='word_1_223' title='bbox 617 3126 700 3192; x_wconf 89' lang='lat' dir='ltr'>cath.</span> <span class='ocrx_word' id='word_1_224' title='bbox 722 3125 839 3209; x_wconf 87' lang='lat' dir='ltr'>perfida</span> <span class='ocrx_word' id='word_1_225' title='bbox 862 3125 962 3204; x_wconf 90' lang='lat' dir='ltr'>modo,</span> <span class='ocrx_word' id='word_1_226' title='bbox 985 3126 1166 3210; x_wconf 86' lang='lat' dir='ltr'>praesertim</span> <span class='ocrx_word' id='word_1_227' title='bbox 1186 3125 1219 3191; x_wconf 91' lang='lat' dir='ltr'>in</span> <span class='ocrx_word' id='word_1_228' title='bbox 1234 3123 1460 3191; x_wconf 85' lang='lat' dir='ltr'>confessionali.</span> 
     </span>
     <span class='ocr_line' id='line_1_28' title="bbox 216 3228 1462 3315; baseline -0.002 -20"><span class='ocrx_word' id='word_1_229' title='bbox 216 3229 392 3310; x_wconf 89' lang='lat' dir='ltr'>Methodns,</span> <span class='ocrx_word' id='word_1_230' title='bbox 416 3249 510 3315; x_wconf 87' lang='lat' dir='ltr'>quarn</span> <span class='ocrx_word' id='word_1_231' title='bbox 532 3232 564 3296; x_wconf 89' lang='lat' dir='ltr'>et</span> <span class='ocrx_word' id='word_1_232' title='bbox 585 3229 754 3314; x_wconf 78' lang='lat' dir='ltr'>Episcopus</span> <span class='ocrx_word' id='word_1_233' title='bbox 776 3231 809 3296; x_wconf 90' lang='lat' dir='ltr'>et</span> <span class='ocrx_word' id='word_1_234' title='bbox 831 3228 943 3296; x_wconf 78' lang='lat' dir='ltr'>Clerici</span> <span class='ocrx_word' id='word_1_235' title='bbox 965 3229 1145 3310; x_wconf 89' lang='lat' dir='ltr'>observant,</span> <span class='ocrx_word' id='word_1_236' title='bbox 1175 3231 1308 3296; x_wconf 73' lang='lat' dir='ltr'>mamma</span> <span class='ocrx_word' id='word_1_237' title='bbox 1330 3228 1371 3294; x_wconf 91' lang='lat' dir='ltr'>ad</span> <span class='ocrx_word' id='word_1_238' title='bbox 1393 3247 1462 3294; x_wconf 92' lang='lat' dir='ltr'>rem</span> 
     </span>
     <span class='ocr_line' id='line_1_29' title="bbox 216 3332 1462 3419; baseline -0.002 -19"><span class='ocrx_word' id='word_1_239' title='bbox 216 3332 361 3419; x_wconf 68' lang='lat' dir='ltr'>moficere</span> <span class='ocrx_word' id='word_1_240' title='bbox 384 3333 524 3414; x_wconf 89' lang='lat' dir='ltr'>videtur,</span> <span class='ocrx_word' id='word_1_241' title='bbox 557 3352 655 3418; x_wconf 88' lang='lat' dir='ltr'>neque</span> <span class='ocrx_word' id='word_1_242' title='bbox 678 3353 783 3400; x_wconf 91' lang='lat' dir='ltr'>eorum</span> <span class='ocrx_word' id='word_1_243' title='bbox 812 3335 984 3400; x_wconf 89' lang='lat' dir='ltr'>sententiae</span> <span class='ocrx_word' id='word_1_244' title='bbox 1008 3334 1174 3414; x_wconf 88' lang='lat' dir='ltr'>assentior,</span> <span class='ocrx_word' id='word_1_245' title='bbox 1209 3335 1263 3418; x_wconf 89' lang='lat' dir='ltr'>qni</span> <span class='ocrx_word' id='word_1_246' title='bbox 1289 3333 1462 3418; x_wconf 89' lang='lat' dir='ltr'>juramenti</span> 
     </span>
    </p>
   </div>
   <div class='ocr_carea' id='block_1_9' title="bbox 217 3419 1587 3524">
    <p class='ocr_par' dir='ltr' id='par_1_10' title="bbox 217 3419 1587 3524">
     <span class='ocr_line' id='line_1_30' title="bbox 217 3419 1587 3524; baseline -0.004 -18"><span class='ocrx_word' id='word_1_247' title='bbox 217 3438 277 3506; x_wconf 87' lang='lat' dir='ltr'>fide</span> <span class='ocrx_word' id='word_1_248' title='bbox 307 3439 507 3514; x_wconf 85' lang='lat' dir='ltr'>matrimonia</span> <span class='ocrx_word' id='word_1_249' title='bbox 540 3439 637 3504; x_wconf 85' lang='lat' dir='ltr'>mixta</span> <span class='ocrx_word' id='word_1_250' title='bbox 670 3439 802 3505; x_wconf 88' lang='lat' dir='ltr'>inituros</span> <span class='ocrx_word' id='word_1_251' title='bbox 837 3457 902 3504; x_wconf 90' lang='lat' dir='ltr'>esse</span> <span class='ocrx_word' id='word_1_252' title='bbox 936 3438 1105 3524; x_wconf 89' lang='lat' dir='ltr'>adigendos</span> <span class='ocrx_word' id='word_1_253' title='bbox 1139 3441 1282 3518; x_wconf 90' lang='lat' dir='ltr'>censent,</span> <span class='ocrx_word' id='word_1_254' title='bbox 1315 3440 1351 3504; x_wconf 91' lang='lat' dir='ltr'>ut</span> <span class='ocrx_word' id='word_1_255' title='bbox 1384 3438 1460 3503; x_wconf 91' lang='lat' dir='ltr'>cccl.</span> <span class='ocrx_word' id='word_1_256' title='bbox 1586 3419 1587 3436; x_wconf 46' lang='lat'><em>³</em></span> 
     </span>
    </p>
   </div>
   <div class='ocr_carea' id='block_1_10' title="bbox 216 3542 1462 3628">
    <p class='ocr_par' dir='ltr' id='par_1_11' title="bbox 216 3542 1462 3628">
     <span class='ocr_line' id='line_1_31' title="bbox 216 3542 1462 3628; baseline -0.002 -18"><span class='ocrx_word' id='word_1_257' title='bbox 216 3543 425 3610; x_wconf 89' lang='lat' dir='ltr'>sanctionibus</span> <span class='ocrx_word' id='word_1_258' title='bbox 460 3543 690 3628; x_wconf 86' lang='lat' dir='ltr'>obtemperent,</span> <span class='ocrx_word' id='word_1_259' title='bbox 724 3543 836 3628; x_wconf 91' lang='lat' dir='ltr'>quippe</span> <span class='ocrx_word' id='word_1_260' title='bbox 860 3542 942 3628; x_wconf 90' lang='lat' dir='ltr'>quod</span> <span class='ocrx_word' id='word_1_261' title='bbox 965 3543 1052 3623; x_wconf 91' lang='lat' dir='ltr'>odia,</span> <span class='ocrx_word' id='word_1_262' title='bbox 1082 3544 1183 3623; x_wconf 83' lang='lat' dir='ltr'>rixae,</span> <span class='ocrx_word' id='word_1_263' title='bbox 1207 3543 1417 3610; x_wconf 88' lang='lat' dir='ltr'>contentiones</span> <span class='ocrx_word' id='word_1_264' title='bbox 1441 3561 1462 3607; x_wconf 88' lang='lat' dir='ltr'>a</span> 
     </span>
    </p>
   </div>
   <div class='ocr_carea' id='block_1_11' title="bbox 218 3646 1586 3734">
    <p class='ocr_par' dir='ltr' id='par_1_12' title="bbox 218 3646 1586 3734">
     <span class='ocr_line' id='line_1_32' title="bbox 218 3646 1586 3734; baseline -0.004 -20"><span class='ocrx_word' id='word_1_265' title='bbox 218 3648 455 3734; x_wconf 89' lang='lat' dir='ltr'>magistratibus</span> <span class='ocrx_word' id='word_1_266' title='bbox 475 3647 684 3713; x_wconf 81' lang='lat' dir='ltr'>excitarentur</span> <span class='ocrx_word' id='word_1_267' title='bbox 714 3650 808 3732; x_wconf 90' lang='lat' dir='ltr'>atque</span> <span class='ocrx_word' id='word_1_268' title='bbox 839 3646 1031 3713; x_wconf 88' lang='lat' dir='ltr'>acatholicae</span> <span class='ocrx_word' id='word_1_269' title='bbox 1053 3648 1157 3732; x_wconf 92' lang='lat' dir='ltr'>partes</span> <span class='ocrx_word' id='word_1_270' title='bbox 1176 3647 1390 3731; x_wconf 88' lang='lat' dir='ltr'>juramentum</span> <span class='ocrx_word' id='word_1_271' title='bbox 1410 3665 1462 3711; x_wconf 90' lang='lat' dir='ltr'>re·</span> <span class='ocrx_word' id='word_1_272' title='bbox 1585 3647 1586 3672; x_wconf 44' lang='lat' dir='ltr'>l</span> 
     </span>
    </p>
   </div>
   <div class='ocr_carea' id='block_1_12' title="bbox 218 3751 1461 4046">
    <p class='ocr_par' dir='ltr' id='par_1_13' title="bbox 218 3751 1461 4046">
     <span class='ocr_line' id='line_1_33' title="bbox 218 3751 1285 3836; baseline -0.001 -17"><span class='ocrx_word' id='word_1_273' title='bbox 218 3755 371 3836; x_wconf 76' lang='lat' dir='ltr'>curarent,</span> <span class='ocrx_word' id='word_1_274' title='bbox 394 3753 439 3818; x_wconf 92' lang='lat' dir='ltr'>ita</span> <span class='ocrx_word' id='word_1_275' title='bbox 461 3753 497 3817; x_wconf 90' lang='lat' dir='ltr'>nt</span> <span class='ocrx_word' id='word_1_276' title='bbox 518 3751 608 3817; x_wconf 91' lang='lat' dir='ltr'>liberi</span> <span class='ocrx_word' id='word_1_277' title='bbox 630 3770 785 3816; x_wconf 85' lang='lat' dir='ltr'>summum</span> <span class='ocrx_word' id='word_1_278' title='bbox 807 3751 840 3815; x_wconf 93' lang='lat' dir='ltr'>in</span> <span class='ocrx_word' id='word_1_279' title='bbox 864 3751 1028 3817; x_wconf 91' lang='lat' dir='ltr'>discrimen</span> <span class='ocrx_word' id='word_1_280' title='bbox 1049 3751 1285 3818; x_wconf 88' lang='lat' dir='ltr'>adducerentur.</span> 
     </span>
     <span class='ocr_line' id='line_1_34' title="bbox 322 3854 1461 3942; baseline 0 -20"><span class='ocrx_word' id='word_1_281' title='bbox 322 3859 469 3942; x_wconf 80' lang='lat' dir='ltr'>Quaestio</span> <span class='ocrx_word' id='word_1_282' title='bbox 497 3857 531 3923; x_wconf 81' lang='lat' dir='ltr'>V.</span> <span class='ocrx_word' id='word_1_283' title='bbox 578 3854 706 3940; x_wconf 79' lang='lat' dir='ltr'>[Clerici</span> <span class='ocrx_word' id='word_1_284' title='bbox 727 3855 912 3935; x_wconf 89' lang='lat' dir='ltr'>laudantur,</span> <span class='ocrx_word' id='word_1_285' title='bbox 936 3857 1017 3941; x_wconf 91' lang='lat' dir='ltr'>quod</span> <span class='ocrx_word' id='word_1_286' title='bbox 1040 3875 1101 3921; x_wconf 90' lang='lat' dir='ltr'>non</span> <span class='ocrx_word' id='word_1_287' title='bbox 1123 3856 1307 3942; x_wconf 87' lang='lat' dir='ltr'>indulgeant</span> <span class='ocrx_word' id='word_1_288' title='bbox 1336 3856 1461 3941; x_wconf 88' lang='lat' dir='ltr'>spiritui</span> 
     </span>
     <span class='ocr_line' id='line_1_35' title="bbox 218 3959 1461 4046; baseline -0.002 -18"><span class='ocrx_word' id='word_1_289' title='bbox 218 3961 365 4028; x_wconf 88' lang='lat' dir='ltr'>novitatis</span> <span class='ocrx_word' id='word_1_290' title='bbox 387 3963 419 4027; x_wconf 90' lang='lat' dir='ltr'>et</span> <span class='ocrx_word' id='word_1_291' title='bbox 441 3961 590 4028; x_wconf 90' lang='lat' dir='ltr'>vanitatis</span> <span class='ocrx_word' id='word_1_292' title='bbox 612 3962 645 4025; x_wconf 91' lang='lat' dir='ltr'>in</span> <span class='ocrx_word' id='word_1_293' title='bbox 667 3959 896 4044; x_wconf 88' lang='lat' dir='ltr'>praedicatione</span> <span class='ocrx_word' id='word_1_294' title='bbox 918 3961 1011 4028; x_wconf 89' lang='lat' dir='ltr'>Verbi</span> <span class='ocrx_word' id='word_1_295' title='bbox 1033 3961 1103 4040; x_wconf 89' lang='lat' dir='ltr'>Dei,</span> <span class='ocrx_word' id='word_1_296' title='bbox 1122 3960 1203 4046; x_wconf 87' lang='lat' dir='ltr'>quod</span> <span class='ocrx_word' id='word_1_297' title='bbox 1218 3961 1362 4046; x_wconf 71' lang='lat' dir='ltr'>[efficitur</span> <span class='ocrx_word' id='word_1_298' title='bbox 1383 3961 1461 4026; x_wconf 91' lang='lat' dir='ltr'>soli·</span> 
     </span>
    </p>
   </div>
   <div class='ocr_carea' id='block_1_13' title="bbox 218 4064 1584 4148">
    <p class='ocr_par' dir='ltr' id='par_1_14' title="bbox 218 4064 1584 4148">
     <span class='ocr_line' id='line_1_36' title="bbox 218 4064 1584 4148; baseline -0.004 -17"><span class='ocrx_word' id='word_1_299' title='bbox 218 4065 266 4132; x_wconf 90' lang='lat' dir='ltr'>dis</span> <span class='ocrx_word' id='word_1_300' title='bbox 288 4083 394 4132; x_wconf 91' lang='lat' dir='ltr'>eornm</span> <span class='ocrx_word' id='word_1_301' title='bbox 424 4065 537 4132; x_wconf 90' lang='lat' dir='ltr'>studiis</span> <span class='ocrx_word' id='word_1_302' title='bbox 566 4065 598 4130; x_wconf 94' lang='lat' dir='ltr'>in</span> <span class='ocrx_word' id='word_1_303' title='bbox 627 4064 831 4132; x_wconf 90' lang='lat' dir='ltr'>universitate</span> <span class='ocrx_word' id='word_1_304' title='bbox 861 4068 893 4132; x_wconf 91' lang='lat' dir='ltr'>et</span> <span class='ocrx_word' id='word_1_305' title='bbox 914 4065 1094 4148; x_wconf 90' lang='lat' dir='ltr'>seminario]</span> <span class='ocrx_word' id='word_1_306' title='bbox 1120 4115 1216 4132; x_wconf 87' lang='lat'><strong>.....</strong></span> <span class='ocrx_word' id='word_1_307' title='bbox 1251 4065 1331 4130; x_wconf 83' lang='lat' dir='ltr'>Turn</span> <span class='ocrx_word' id='word_1_308' title='bbox 1355 4065 1461 4130; x_wconf 88' lang='lat' dir='ltr'>clerici</span> <span class='ocrx_word' id='word_1_309' title='bbox 1583 4119 1584 4124; x_wconf 74' lang='grc'>,</span> 
     </span>
    </p>
   </div>
   <div class='ocr_carea' id='block_1_14' title="bbox 213 4169 1462 4358">
    <p class='ocr_par' dir='ltr' id='par_1_15' title="bbox 213 4169 1462 4358">
     <span class='ocr_line' id='line_1_37' title="bbox 213 4169 1461 4256; baseline -0.002 -20"><span class='ocrx_word' id='word_1_310' title='bbox 213 4169 352 4255; x_wconf 89' lang='lat' dir='ltr'>juniores</span> <span class='ocrx_word' id='word_1_311' title='bbox 374 4189 494 4256; x_wconf 86' lang='lat' dir='ltr'>quoqne</span> <span class='ocrx_word' id='word_1_312' title='bbox 515 4189 595 4235; x_wconf 90' lang='lat' dir='ltr'>anno</span> <span class='ocrx_word' id='word_1_313' title='bbox 617 4169 859 4254; x_wconf 89' lang='lat' dir='ltr'>praedicationes</span> <span class='ocrx_word' id='word_1_314' title='bbox 881 4169 1023 4250; x_wconf 89' lang='lat' dir='ltr'>habitas,</span> <span class='ocrx_word' id='word_1_315' title='bbox 1053 4189 1130 4253; x_wconf 91' lang='lat' dir='ltr'>quas</span> <span class='ocrx_word' id='word_1_316' title='bbox 1160 4170 1299 4256; x_wconf 87' lang='lat' dir='ltr'>singulas</span> <span class='ocrx_word' id='word_1_317' title='bbox 1325 4169 1461 4234; x_wconf 91' lang='lat' dir='ltr'>conscri-</span> 
     </span>
     <span class='ocr_line' id='line_1_38' title="bbox 217 4272 1462 4358; baseline -0.002 -18"><span class='ocrx_word' id='word_1_318' title='bbox 217 4273 290 4340; x_wconf 90' lang='lat' dir='ltr'>bere</span> <span class='ocrx_word' id='word_1_319' title='bbox 312 4273 442 4354; x_wconf 91' lang='lat' dir='ltr'>debent,</span> <span class='ocrx_word' id='word_1_320' title='bbox 468 4273 501 4339; x_wconf 94' lang='lat' dir='ltr'>in</span> <span class='ocrx_word' id='word_1_321' title='bbox 522 4274 706 4340; x_wconf 73' lang='lat' dir='ltr'>vicamorum</span> <span class='ocrx_word' id='word_1_322' title='bbox 730 4274 774 4340; x_wconf 90' lang='lat' dir='ltr'>sic</span> <span class='ocrx_word' id='word_1_323' title='bbox 789 4274 881 4340; x_wconf 89' lang='lat' dir='ltr'>dictis</span> <span class='ocrx_word' id='word_1_324' title='bbox 904 4272 1100 4340; x_wconf 78' lang='lat' dir='ltr'>conterentiis</span> <span class='ocrx_word' id='word_1_325' title='bbox 1121 4274 1234 4340; x_wconf 88' lang='lat' dir='ltr'>ruralis</span> <span class='ocrx_word' id='word_1_326' title='bbox 1257 4273 1384 4358; x_wconf 89' lang='lat' dir='ltr'>capituli</span> <span class='ocrx_word' id='word_1_327' title='bbox 1405 4272 1462 4339; x_wconf 92' lang='lat' dir='ltr'>de-</span> 
     </span>
    </p>
   </div>
   <div class='ocr_carea' id='block_1_15' title="bbox 217 4378 1583 4569">
    <p class='ocr_par' dir='ltr' id='par_1_16' title="bbox 217 4378 1583 4569">
     <span class='ocr_line' id='line_1_39' title="bbox 217 4378 1583 4464; baseline -0.003 -18"><span class='ocrx_word' id='word_1_328' title='bbox 217 4396 292 4446; x_wconf 87' lang='lat' dir='ltr'>cano</span> <span class='ocrx_word' id='word_1_329' title='bbox 315 4397 481 4463; x_wconf 89' lang='lat' dir='ltr'>proponere</span> <span class='ocrx_word' id='word_1_330' title='bbox 514 4380 675 4458; x_wconf 89' lang='lat' dir='ltr'>tenentur,</span> <span class='ocrx_word' id='word_1_331' title='bbox 709 4379 762 4464; x_wconf 90' lang='lat' dir='ltr'>qui</span> <span class='ocrx_word' id='word_1_332' title='bbox 795 4396 858 4444; x_wconf 88' lang='lat' dir='ltr'>nna</span> <span class='ocrx_word' id='word_1_333' title='bbox 890 4397 961 4444; x_wconf 90' lang='lat' dir='ltr'>cum</span> <span class='ocrx_word' id='word_1_334' title='bbox 995 4378 1056 4444; x_wconf 91' lang='lat' dir='ltr'>alio</span> <span class='ocrx_word' id='word_1_335' title='bbox 1090 4378 1222 4462; x_wconf 87' lang='lat' dir='ltr'>parocho</span> <span class='ocrx_word' id='word_1_336' title='bbox 1257 4379 1379 4462; x_wconf 85' lang='lat' dir='ltr'>experto</span> <span class='ocrx_word' id='word_1_337' title='bbox 1406 4395 1461 4443; x_wconf 90' lang='lat' dir='ltr'>eas</span> <span class='ocrx_word' id='word_1_338' title='bbox 1582 4417 1583 4420; x_wconf 59' lang='lat'><em>=</em></span> 
     </span>
     <span class='ocr_line' id='line_1_40' title="bbox 217 4481 1583 4569; baseline -0.001 -19"><span class='ocrx_word' id='word_1_339' title='bbox 217 4483 388 4568; x_wconf 88' lang='lat' dir='ltr'>perlustrat</span> <span class='ocrx_word' id='word_1_340' title='bbox 410 4485 521 4568; x_wconf 88' lang='lat' dir='ltr'>atque,</span> <span class='ocrx_word' id='word_1_341' title='bbox 555 4484 688 4569; x_wconf 87' lang='lat' dir='ltr'>siquae</span> <span class='ocrx_word' id='word_1_342' title='bbox 719 4484 782 4550; x_wconf 90' lang='lat' dir='ltr'>sint</span> <span class='ocrx_word' id='word_1_343' title='bbox 815 4483 1040 4564; x_wconf 89' lang='lat' dir='ltr'>aberrationes,</span> <span class='ocrx_word' id='word_1_344' title='bbox 1076 4483 1220 4550; x_wconf 90' lang='lat' dir='ltr'>emendat</span> <span class='ocrx_word' id='word_1_345' title='bbox 1241 4483 1290 4548; x_wconf 88' lang='lat' dir='ltr'>vel</span> <span class='ocrx_word' id='word_1_346' title='bbox 1313 4481 1462 4568; x_wconf 84' lang='lat' dir='ltr'>castigat.</span> <span class='ocrx_word' id='word_1_347' title='bbox 1582 4485 1583 4500; x_wconf 63' lang='lat'>¹</span> 
     </span>
    </p>
   </div>
   <div class='ocr_carea' id='block_1_16' title="bbox 217 4586 1464 4777">
    <p class='ocr_par' dir='ltr' id='par_1_17' title="bbox 217 4586 1464 4777">
     <span class='ocr_line' id='line_1_41' title="bbox 217 4586 1464 4674; baseline 0 -22"><span class='ocrx_word' id='word_1_348' title='bbox 217 4586 299 4652; x_wconf 75' lang='lat' dir='ltr'>&#39;lum</span> <span class='ocrx_word' id='word_1_349' title='bbox 320 4586 462 4672; x_wconf 91' lang='lat' dir='ltr'>parochis</span> <span class='ocrx_word' id='word_1_350' title='bbox 484 4589 532 4654; x_wconf 88' lang='lat' dir='ltr'>est</span> <span class='ocrx_word' id='word_1_351' title='bbox 553 4587 751 4674; x_wconf 90' lang='lat' dir='ltr'>impositum,</span> <span class='ocrx_word' id='word_1_352' title='bbox 785 4589 821 4653; x_wconf 90' lang='lat' dir='ltr'>ut</span> <span class='ocrx_word' id='word_1_353' title='bbox 855 4587 1039 4653; x_wconf 88' lang='lat' dir='ltr'>vicariorum</span> <span class='ocrx_word' id='word_1_354' title='bbox 1072 4586 1356 4672; x_wconf 91' lang='lat' dir='ltr'>praedicationibus</span> <span class='ocrx_word' id='word_1_355' title='bbox 1376 4586 1464 4652; x_wconf 91' lang='lat' dir='ltr'>inter</span> 
     </span>
     <span class='ocr_line' id='line_1_42' title="bbox 217 4689 1463 4777; baseline 0 -21"><span class='ocrx_word' id='word_1_356' title='bbox 217 4689 335 4757; x_wconf 90' lang='lat' dir='ltr'>cultum</span> <span class='ocrx_word' id='word_1_357' title='bbox 359 4690 497 4757; x_wconf 90' lang='lat' dir='ltr'>divinum</span> <span class='ocrx_word' id='word_1_358' title='bbox 520 4691 624 4758; x_wconf 84' lang='lat' dir='ltr'>adsint</span> <span class='ocrx_word' id='word_1_359' title='bbox 646 4709 767 4776; x_wconf 86' lang='lat' dir='ltr'>eosque,</span> <span class='ocrx_word' id='word_1_360' title='bbox 790 4689 914 4776; x_wconf 89' lang='lat' dir='ltr'>siquid</span> <span class='ocrx_word' id='word_1_361' title='bbox 936 4691 1162 4776; x_wconf 90' lang='lat' dir='ltr'>vituperatione</span> <span class='ocrx_word' id='word_1_362' title='bbox 1178 4690 1309 4777; x_wconf 84' lang='lat' dir='ltr'>dignum</span> <span class='ocrx_word' id='word_1_363' title='bbox 1330 4690 1463 4756; x_wconf 88' lang='lat' dir='ltr'>invene·</span> 
     </span>
    </p>
   </div>
   <div class='ocr_carea' id='block_1_17' title="bbox 0 0 1607 5008">
    <p class='ocr_par' dir='ltr' id='par_1_18' title="bbox 0 0 1607 5008">
     <span class='ocr_line' id='line_1_43' title="bbox 0 0 1607 5008; baseline 0 0"><span class='ocrx_word' id='word_1_364' title='bbox 0 0 1607 5008; x_wconf 95' lang='lat' dir='ltr'> </span> 
     </span>
    </p>
   </div>
  </div>
 </body>
</html>
