3192 5008
298 339 394 392 Relatio
413 353 455 404 ep.
474 341 642 406 hohenburg.
662 341 694 393 ed
714 341 877 406 quaestiones
895 354 909 392 a
928 354 950 392 s.
970 341 1062 405 donar.
1081 341 1159 394 conc.
1179 351 1283 404 propos.
1354 319 1418 384 313

177 507 322 574 laudibus
347 503 453 574 efferre
476 529 536 574 non
559 510 711 578 dubitent.
755 511 872 578 Verunr
890 512 989 577 'etiam
1014 511 1206 577 Gubernium
1227 510 1316 594 Reg,
1338 509 1419 594 quod

177 594 336 659 instantiis
358 597 563 680 precibusque
587 597 759 685 defatigare
781 619 842 664 non
865 599 981 676 desino,
1004 599 1137 682 primum
1153 596 1266 681 agendi
1287 597 1420 680 rigorem

176 680 337 746 remittere
348 681 474 765 incepit.
500 682 761 769 Congregeti‘enes
774 687 880 752 autem
891 685 924 752 in
936 685 1002 750 dies
1013 687 1155 750 crescunt
1172 685 1203 750 et
1218 682 1419 748 fructificant.

177 767 303 834 Sorores
325 767 364 832 de
385 769 597 842 misericordia
619 771 761 855 regulam
784 771 815 838 S.
839 772 995 838 vincentii
1025 771 1163 838 aPaule
1194 771 1356 854 sequentes
1380 769 1420 832 18

177 855 286 922 domus
319 854 430 920 filiales
463 856 595 939 hahent,
631 859 730 924 altera
752 877 889 924 sororum
923 858 960 922 de
981 857 1192 922 misericordie.
1213 857 1339 940 regulae
1360 852 1420 922 -ΠΙ,

176 940 302 1006 Ordinis
322 939 368 1006 st.
392 943 549 1008 Francisci
572 943 767 1010 addictarum
790 946 848 1022 13;
869 963 995 1019 ¹sorores
1024 944 1136 1025 liberis,
1161 942 1305 1008 docendis
1328 942 1365 1007 de
1388 939 1419 1007 S.
1536 1019 1538 1025 Ι

176 1028 285 1092 Erana.
308 1027 421 1093 Ordine
442 1031 479 1107 5;
503 1048 621 1096 sorores
644 1030 775 1114 denique
795 1031 978 1096 Schelarum
1001 1032 1036 1095 B.
1060 1030 1179 1096 Mariae
1201 1029 1240 1094 V.
1264 1029 1295 1093 5.

279 1140 335 1205 Ab
362 1141 396 1207 V.
441 1140 540 1225 Supra
563 1143 687 1226 exposui
710 1142 941 1208 neeessariade
963 1143 1099 1208 matrim.
1123 1142 1229 1206 nriutis
1258 1141 1328 1224 (Qu.
1351 1140 1420 1225 IV.)

176 1226 214 1290 de
253 1226 474 1294 catholicorum
517 1229 669 1294 famulatu
703 1230 735 1294 in
767 1230 998 1312 protestanticis
1039 1229 1167 1294 familiis
1200 1230 1232 1293 et
1265 1229 1421 1292 vicoversa
1499 1227 1502 1232 '

176 1312 247 1396 (Qu.
270 1313 369 1398 XVI.)
393 1314 430 1379 de
452 1315 611 1401 sepultura
632 1317 730 1381 mixta
745 1317 824 1398 ¹(tiu.
848 1317 972 1400 xvii).
1003 1316 1085 1380 Alia
1099 1316 1209 1380 notatu
1226 1313 1321 1398 digna
1337 1313 1421 1378 mala

176 1414 230 1464 sen
253 1399 414 1466 abusiones
433 1421 494 1467 non
516 1401 614 1468 habeo
637 1403 850 1486 significanda,
885 1423 954 1467 cum
988 1403 1019 1466 in
1054 1402 1148 1468 sacris
1182 1399 1421 1466 communicatio

175 1503 246 1550 cum
259 1485 422 1554 haereticis
434 1490 558 1554 strenue
570 1489 732 1554 devitetur.
768 1489 924 1572 Perpetua
940 1488 1046 1553 autem
1061 1491 1093 1553 et
1108 1488 1242 1553 murima
1256 1487 1418 1571 Episcopo,

176 1572 387 1638 sacerdotibus
410 1575 442 1638 et
465 1572 730 1640 Christotidelibus
766 1578 824 1642 est¹
843 1575 1016 1640 adhibenda
1038 1575 1217 1658 vigilantia,
1243 1593 1281 1639 ne
1303 1573 1419 1638 veritas

175 1659 329 1724 catholica
350 1661 572 1742 pullulantium
587 1663 771 1746 contagione
794 1681 929 1728 errorum
951 1663 1187 1738 contemnetur,
1210 1659 1264 1724 sed
1286 1659 1419 1727 unitatis

175 1745 317 1828 splendor
339 1746 538 1812 exadversum
561 1749 788 1814 haereticarum
810 1748 1050 1831 perversitatum
1078 1747 1286 1813 contusionem
1309 1763 1415 1828 super·

174 1831 318 1897 emineat.
362 1833 431 1914 Qua
463 1853 499 1899 ex
532 1835 697 1918 vigilantia
727 1835 757 1902 S.
784 1835 941 1901 Ecclesiae
974 1833 1074 1899 multa
1107 1841 1294 1898 enascuntur
1326 1832 1416 1909 bona,

173 1919 291 2008 quippe
309 1919 359 1983 cui
381 1919 459 1984 nihil
478 1921 520 1986 sit
542 1922 642 2006 magis
665 1922 798 1999 noxium,
822 1941 914 2006 quam
937 1921 963 1985 si
985 1921 1124 2004 pastores
1147 1921 1179 1985 et
1200 1919 1307 1984 fideles
1329 1919 1417 1982 tran-

173 2004 331 2088 quillitate
365 2007 592 2091 securitateque
626 2009 733 2074 confisi
766 2011 866 2091 sopori
899 2011 931 2072 et
963 2007 1107 2092 ignaviae
1140 2003 1302 2090 indulgere
1324 2005 1417 2088 atque

173 2091 383 2156 indifferentes
406 2111 439 2158 se
461 2095 607 2176 praebere
629 2095 789 2178 incipiant.
953 2098 957 2106 '

276 2204 332 2268 Ad
359 2203 412 2270 VI.
457 2207 502 2285 Ex
518 2207 559 2271 20
575 2206 670 2270 ferme
693 2205 790 2282 annis,
815 2205 926 2288 quibus
951 2203 1141 2286 Gubernium
1156 2205 1234 2288 Reg.
1257 2203 1416 2286 parochos,

174 2289 227 2373 qui
249 2291 465 2357 ecclesiasticis
490 2293 526 2356 de
549 2292 687 2357 matrim.
711 2291 817 2356 mixtis
840 2289 1049 2355 sanctionibus
1068 2289 1325 2374 obtemperarent,
1348 2307 1418 2370 per·

173 2377 261 2460 sequi
283 2377 417 2456 destitit,
441 2379 488 2444 ita
510 2379 546 2442 ut
569 2397 726 2443 sacrarum
748 2377 1060 2462 legum-exercitium
1082 2373 1182 2460 quoad
1203 2371 1280 2440 haec
1302 2391 1417 2440 connu-

172 2459 231 2527 bia'
247 2463 375 2616 agninae
397 2464 440 2530 sit
461 2465 657 2549 impeditum,
681 2463 768 2530 nulla
787 2465 846 2528 hac
869 2463 907 2528 de
926 2482 959 2528 re
981 2464 1054 2548 sunt
1069 2464 1191 2528 exortae
1207 2461 1417 2548 contentiones

173 2567 243 2614 eum
296 2551 432 2618 ubernio.
835 2559 839 2570 ’
1328 2561 1330 2568 ’

278 2661 474 2744 Summatim,
498 2665 534 2729 ut
556 2665 614 2730 hoo
636 2663 823 2744 addiderim,
837 2716 839 2729 .
852 2661 999 2728 Sereniss.
1031 2663 1069 2728 D.
1094 2661 1242 2738 Carolus,
1266 2661 1318 2744 qui
1331 2680 1377 2748 ex
1396 2661 1415 2726 3

172 2748 261 2814 annis
282 2749 383 2836 Regni
406 2751 615 2835 gubernacula
637 2751 733 2830 tenet,
756 2750 804 2816 vir
819 2751 866 2816 est
888 2769 1027 2814 summae
1044 2747 1299 2826 mansuetudinis,
1323 2747 1416 2814 bene·

171 2835 336 2915 velentiae,
358 2837 525 2922 aequitatis
545 2837 748 2922 justitiaeque
770 2837 803 2901 in
826 2835 965 2920 subditos
982 2837 1160 2916 catholicos,
1182 2841 1314 2918 quarum
1337 2833 1416 2900 mihi

175 2921 261 2986 dedit
284 2923 435 3011 virtutum
455 2925 523 3008 jam
544 2925 679 3008 plurima
702 2924 878 3008 specimina.

177 3059 180 3065 ·
275 3034 471 3100 Postremum
493 3037 575 3103 limi.
599 3036 682 3102 Dmi.
706 3035 849 3119 Episcopi
879 3035 913 3099 in
934 3033 1079 3100 Fuldensi
1109 3035 1261 3099 conventu
1284 3031 1413 3097 adunati

172 3121 309 3185 mentem
335 3121 461 3186 Decreti
489 3121 520 3188 S.
545 3123 579 3188 O.
603 3121 733 3189 Consilii
762 3122 981 3204 prosequentes
1014 3140 1068 3204 pro
1101 3139 1158 3185 sua
1184 3121 1271 3203 parte
1304 3137 1413 3202 propo·

172 3206 298 3272 sitiones
320 3208 472 3291 quasdam
494 3210 562 3274 tum
581 3209 634 3292 J'us
657 3209 749 3286 eccl,
773 3209 841 3272 tum
864 3227 970 3272 curam
1000 3208 1174 3272 animarum
1197 3207 1413 3273 oencementes

172 3292 212 3357 ad
235 3291 266 3360 S.
290 3291 399 3360 Sedem
423 3293 532 3376 Apost.
562 3295 775 3360 transmittere
798 3294 1007 3360 decreverunt.
1053 3293 1111 3358 Cui
1133 3291 1295 3358 conventui
1316 3291 1413 3355 intar-

173 3397 239 3444 esse
261 3399 331 3446 cunr
353 3380 431 3445 mihi
455 3401 509 3464 per
529 3381 744 3446 infirmitatem
766 3400 826 3446 non
848 3380 957 3445 liceret
978 3398 1027 3445 me
1051 3379 1091 3443 ad
1113 3379 1169 3443 has
1191 3377 1413 3460 propositiones

173 3467 316 3616 affiedere
346 3487 427 3532 nunc
460 3467 585 3551 quidem
619 3467 740 3532 declaro
775 3485 888 3550 easque
919 3485 987 3531 meo
1025 3466 1120 3531 etiam
1160 3465 1283 3530 nomine
1313 3463 1413 3539 iactas

172 3571 191 3616 a
226 3571 303 3619 rmo.
1322 3581 1325 3588 ⁴

275 3665 366 3731 Nunc
394 3667 499 3732 autem
518 3665 676 3730 ‘relationi
709 3685 796 3731 meae
830 3663 1117 3730 observantissimae
1140 3662 1233 3727 finem
1255 3661 1413 3746 imponens
1451 3669 1453 3676 ’

172 3750 377 3818 sanctitatem
400 3753 545 3818 Vestram
566 3751 695 3836 pedibus
711 3753 883 3836 prostratus
907 3751 1079 3815 humillime
1096 3749 1250 3832 deprecor,
1273 3750 1310 3814 ut
1324 3749 1412 3814 illam

171 3838 392 3922 benignissime
416 3841 448 3904 et
470 3839 709 3904 clementissime
733 3838 866 3920 excipiat
887 3837 1025 3920 mihique
1041 3838 1073 3901 et
1089 3835 1208 3900 clericis
1224 3836 1256 3900 et
1270 3832 1413 3900 fidelibus

172 3943 263 3990 curae
295 3945 382 3992 meae
418 3925 590 3991 commissis
625 3923 655 3992 S.
681 3925 933 3990 Benedictienem
967 3922 1178 4006 apostolicam
1207 3922 1438 4004 impertiatur,

171 4011 224 4092 qui
256 4011 289 4076 in
322 4031 443 4078 summa
478 4012 674 4080 veneratione
708 4014 740 4077 et
773 4011 917 4094 obsequio
950 4009 990 4075 ad
1023 4009 1106 4076 vitae
1135 4009 1228 4074 finem
1249 4025 1412 4091 permaneo

172 4095 357 4165 Sanct‘tatis
379 4099 509 4166 Vestrae
774 4117 777 4124 ’
1062 4127 1065 4132 ’

561 4277 765 4346 Humillimus
794 4275 1026 4344 addictissimus
1052 4275 1266 4343 devotissimus
1286 4273 1369 4338 filius

798 4391 956 4493 Josepltus
978 4391 1016 4456 dc
1038 4389 1133 4472 Lippa,

725 4505 893 4588 Episcopus
916 4501 1203 4586 Rottenburgensis.

274 4611 481 4732 Rottenburgi
502 4642 536 4710 in
557 4643 665 4728 Regno
688 4641 971 4725 Wiirttembergico
993 4641 1042 4706 die
1065 4641 1095 4705 u.
1119 4634 1262 4714 tannarii
1287 4633 1380 4703 1868.

225 4792 293 4832 trebir
308 4793 340 4831 1111
354 4791 503 4831 [trohenreubt.
519 4791 583 4831 vitiu
1008 4827 1014 4836 ,
1164 4769 1202 4835 21
