3160 5010
226 333 289 408 460
333 357 487 428 Bta'taseld,
510 363 589 412 autu.
608 358 745 412 deutsauer
763 355 881 412 discubio
899 357 946 412 ml
962 357 1003 412 die
1024 357 1055 410 17
1073 357 1171 423 liugan
1189 357 1236 412 dar
1254 356 1349 422 congr.
1367 355 1466 410 concil.

227 531 445 600 saltationibus
468 530 507 596 ab
541 528 699 614 Episcopis
729 526 912 594 Germaniae
941 529 1077 612 tempore
1106 527 1279 594 autumnali
1308 546 1337 594 a.
1370 527 1467 593 1867.

226 636 343 702 rudae
365 634 482 700 habitis
504 653 558 720 pro
581 632 695 718 insigni
719 651 779 716 qua
808 633 947 716 praestat
976 631 1140 697 clementia
1172 632 1322 718 benignas
1353 631 1469 698 tribuit

225 739 343 818 laudes,
367 737 597 823 optatissimum
621 737 678 822 ipsi
700 737 764 804 lore
794 736 913 817 inaruit,
945 737 982 802 ab
1013 736 1133 820 aliquot
1163 736 1275 802 saltem
1301 736 1466 804 Sacrorum

226 842 431 908 Antistitibus
462 842 598 926 accipere
632 861 767 926 congrua
790 843 821 908 at
843 842 990 907 accurata
1017 859 1162 924 responsa
1189 839 1260 906 istis
1290 840 1328 907 de
1362 842 1467 920 rebus,

225 947 357 1032 quaein
380 945 508 1031 epistola
531 945 570 1012 ad
592 946 716 1012 Rmum.
741 945 778 1012 D.
803 945 883 1011 Max.
906 945 970 1012 Jos.
993 943 1183 1028 Arebiepisc.
1196 942 1466 1032 Salisburgcnsem

227 1052 257 1118 d.
281 1053 333 1118 30.
363 1051 446 1136 Sept.
479 1070 507 1118 a.
542 1071 587 1135 pr.
621 1050 696 1116 data
729 1053 761 1115 et
794 1050 832 1115 ad
866 1050 1049 1116 conuentum
1083 1047 1269 1115 Fuldansam
1304 1051 1464 1133 spectante

147 1203 151 1208 -
225 1157 351 1224 luerunt
373 1155 575 1241 significatae.
603 1154 761 1221 Desiderio
794 1154 881 1234 huie,
914 1153 994 1238 quod
1029 1152 1168 1219 mandati
1209 1153 1309 1219 instar
1344 1155 1466 1238 paterni

228 1279 369 1339 reriaror,
400 1261 435 1326 ut
462 1259 639 1326 obedienter
670 1258 876 1336 satisfaciam,
907 1259 979 1323 ante
1002 1256 1105 1323 omnia
1127 1256 1206 1322 mihi
1229 1259 1294 1324 csse
1317 1257 1463 1324 videntur

226 1383 299 1448 prae
321 1365 418 1430 oculis
451 1365 609 1430 habendae
633 1365 665 1430 at
691 1362 897 1428 enucleandae
926 1361 1120 1446 ‹praestiones
1149 1361 1248 1441 XVII,
1279 1381 1356 1446 quas
1383 1364 1465 1429 cirea

227 1469 369 1554 graviora
392 1468 619 1534 aeclesiasticae
641 1466 822 1551 disciplinae
846 1467 948 1550 eapite
971 1459 1024 1532 die'
1043 1469 1073 1533 6.
1097 1466 1169 1532 Jrrn.
1196 1467 1277 1532 1867
1307 1469 1466 1550 proposuit

228 1575 259 1636 et
282 1571 364 1657 typis
386 1571 484 1638 edidit
506 1571 537 1638 S.
562 1570 672 1656 Congr.
697 1569 834 1636 concilii.
880 1569 995 1636 Stricta
1011 1569 1108 1654 igitur
1124 1571 1301 1636 servaturus
1327 1570 1466 1636 ordinem
1565 1577 1566 1592 ³

227 1679 260 1742 et
282 1696 444 1744 numerum
466 1677 497 1742 in
521 1675 644 1761 Syllaba
667 1676 881 1759 quaestionum
904 1674 1110 1760 conspicuum,
1135 1673 1273 1740 exordior
1295 1693 1314 1740 a
1336 1694 1406 1740 mea
1427 1674 1467 1739 da

227 1781 359 1866 siugulis
381 1781 546 1847 momentis
567 1779 783 1846 declaratione.
1021 1852 1024 1856 ,

331 1887 386 1952 Aa
419 1885 448 1950 Ι.
493 1885 594 1966 Quum
613 1885 739 1966 parrae·
760 1883 936 1966 spirituales
960 1882 1040 1950 filios
1063 1901 1144 1960 suos,
1172 1881 1225 1946 ubi
1255 1901 1331 1966 opus
1360 1882 1466 1960 diarii,

227 1989 394 2072 opportune
417 1988 526 2054 docere
556 1989 732 2067 terreantur,
764 1988 835 2054 talis
866 1989 970 2054 autem
999 1985 1031 2051 in
1054 1986 1191 2052 Ecclesia
1215 1985 1336 2053 Cathol.
1361 1987 1468 2052 Patri-

227 2093 334 2158 uorum
358 2093 508 2184 obligatio
529 2092 711 2160 acatholicis
733 2093 855 2178 injungi
878 2112 934 2158 nec
949 2091 1047 2176 possit
1070 2110 1124 2156 uec
1140 2090 1264 2169 danaae,
1284 2091 1344 2174 ipsi
1359 2089 1467 2157 Patri·

228 2217 336 2262 norum
358 2198 423 2262 loeo
446 2199 478 2264 in
501 2199 618 2264 Dioea
633 2197 882 2263 Wratislaviensi
913 2216 972 2262 uon
1002 2195 1221 2274 admittuntur,
1244 2195 1298 2260 sad
1326 2193 1353 2260 si
1383 2195 1468 2260 aeteri

227 2300 424 2384 baptismatis
447 2301 553 2367 adesse
576 2301 682 2368 uolunt
705 2320 759 2366 nee
782 2301 847 2366 sine
868 2299 1032 2366 offensione
1048 2299 1187 2384 ablegari
1203 2301 1321 2384 queunt
1337 2299 1468 2366 testium

228 2403 310 2470 vie-as
331 2405 522 2472 solummodo
545 2409 667 2490 gerunt,
690 2406 882 2490 baptizatum
905 2425 999 2470 manu
1022 2425 1081 2470 uon
1097 2405 1238 2470 tenentes
1254 2405 1467 2490 tangentesve.

228 2508 335 2590 Quoad
356 2529 427 2576 varo
449 2510 562 2575 librum
587 2511 823 2594 baptizatorum,
846 2510 878 2576 in
901 2529 936 2575 ao
959 2512 1081 2593 preater
1104 2509 1240 2592 patrinos
1269 2529 1330 2575 uon
1357 2508 1467 2574 inscri-

227 2612 344 2677 buntur
365 2611 419 2678 isti
441 2615 547 2693 testes,
568 2613 629 2678 uisi
651 2614 752 2680 forsan
776 2635 810 2679 ex
832 2613 958 2698 speciali
980 2617 1142 2698 parentum
1166 2612 1322 2678 mundato.

330 2717 385 2782 Ad
408 2717 458 2792 II,
503 2716 588 2799 Quae
611 2717 641 2784 S.
667 2719 781 2785 Concil.
806 2717 891 2784 Trid.
916 2718 954 2802 (s.
978 2717 1090 2785 XXIV.
1115 2717 1153 2782 de
1174 2717 1229 2782 rai.
1254 2719 1345 2782 matr.
1371 2736 1395 2782 c.
1420 2717 1466 2796 7.)

229 2819 267 2884 de
290 2820 377 2905 vagis
400 2821 595 2887 matrimonio
614 2824 703 2888 caute
723 2819 889 2906 jungendis
923 2823 1129 2906 praescripsit,
1168 2840 1203 2886 ea
1225 2821 1271 2885 ita
1294 2821 1463 2895 serrantur,

227 2926 264 2990 ut
284 2923 376 2990 simul
398 2925 609 2992 instructionis
632 2927 817 2992 auctoritate
834 2925 1001 2991 Clementia
1024 2927 1059 2992 P.
1084 2925 1114 2992 S.
1131 2926 1169 2993 X.
1194 2945 1247 3010 par
1260 2925 1297 2990 P.
1314 2925 1467 3010 Congreg.

228 3029 409 3095 universalis
440 3031 651 3116 lnquisitimris
681 3032 730 3098 dia
760 3034 811 3096 21.
843 3032 922 3116 Aug.
954 3033 1035 3096 1670
1065 3033 1295 3118 promulgatae,
1328 3031 1381 3116 qui
1412 3051 1469 3114 par

229 3135 286 3211 ast,
318 3134 469 3200 habeatur
498 3138 664 3220 respectus
710 3138 815 3222 igitur
843 3137 882 3201 ad
912 3155 1057 3220 personas
1100 3129 1249 3222 ragentes
1283 3136 1469 3202 articulatae

229 3239 408 3324 diriguntur
430 3241 634 3324 quaestiones,
660 3261 750 3324 super
773 3241 925 3325 responsis
948 3242 1100 3306 formatur
1122 3242 1340 3326 protocollum,
1373 3241 1469 3307 docu-

229 3344 335 3408 menta
356 3344 506 3428 producta
533 3345 666 3410 examini
699 3345 922 3429 subjiciuntur,
949 3345 1161 3432 juramentum
1194 3347 1232 3412 de
1262 3347 1347 3412 statu
1370 3345 1468 3410 libero

228 3448 422 3532 praestetur,
456 3447 594 3531 praevia·
618 3449 748 3533 danique
783 3448 926 3535 diligenti
956 3449 1155 3532 inquisitione
1187 3451 1314 3534 peraeta
1346 3469 1397 3516 ras
1430 3450 1469 3514 ad

229 3551 346 3616 cumam
370 3571 470 3618 meam
495 3549 632 3618 defertur·
654 3555 686 3618 at
708 3553 839 3618 servatis
860 3552 1019 3618 servandis
1029 3552 1204 3620 resolvitur.
1250 3553 1337 3620 Unda
1360 3553 1469 3638 vigens

227 3656 391 3740 disciplina
413 3675 468 3722 nac
491 3657 703 3740 supplemento
726 3677 782 3723 nae
806 3656 1020 3723 emendatione
1042 3657 1181 3742 indigere
1205 3659 1282 3724 milri
1305 3658 1438 3724 videtur.

330 3762 386 3827 Ad
417 3759 488 3835 III.
533 3760 766 3827 Matrimonium
790 3759 896 3838 civile,
930 3763 1082 3844 quatenus
1104 3761 1136 3827 in
1159 3781 1261 3829 errore
1290 3763 1361 3842 isto,
1389 3763 1471 3846 qnod

228 3867 455 3931 sacramentum
484 3886 544 3932 non
582 3867 633 3946 sit,
669 3867 727 3930 nisi
762 3866 835 3950 qaid
876 3867 1048 3932 contractui
1071 3868 1275 3932 accessorium
1309 3869 1347 3934 ab
1375 3888 1471 3952 eoque

227 3969 398 4053 separabile
420 3970 584 4048 fundatur,
606 3970 817 4055 principaliter
846 3989 969 4054 prorsus
1000 3971 1047 4036 ast
1086 3971 1289 4056 rejiciendum
1319 3974 1352 4039 et
1382 3972 1471 4038 dam·

228 4073 373 4140 nandum.
421 4073 463 4140 At
487 4093 556 4140 vero
576 4093 723 4160 magnum
747 4076 849 4140 exstat
871 4075 1037 4141 discrimen
1057 4075 1138 4141 inter
1153 4078 1315 4161 utramque
1339 4077 1472 4161 speciem

228 4177 420 4244 matrimonii
455 4179 554 4244 ciuilis
588 4179 806 4264 obligatoriam
840 4181 872 4246 at
906 4179 1133 4246 facultatiuam.
1191 4182 1227 4246 In
1263 4191 1336 4247 casu
1376 4181 1473 4266 priori

228 4282 381 4348 catholica
404 4283 596 4366 singulorum
619 4282 849 4349 individuorum
873 4283 1062 4350 eorrsciantia
1085 4285 1169 4349 baud
1192 4285 1362 4353 necessario
1385 4287 1474 4352 colli-

228 4387 314 4452 ditur
347 4405 416 4451 cum
451 4386 596 4470 dogmate
632 4389 664 4454 at
693 4385 763 4472 jure
796 4387 971 4467 Ecclesiam
1006 4389 1037 4454 in
1073 4407 1145 4454 casu
1177 4391 1281 4456 autem
1311 4391 1474 4474 posteriori

228 4492 386 4558 momenta
409 4490 514 4556 diiin'a
533 4492 565 4557 at
588 4493 732 4571 bumana,
757 4493 963 4560 aeclesiastica
987 4495 1018 4559 et
1041 4493 1145 4560 civilia
1167 4493 1214 4560 ita
1243 4495 1475 4562 confunduntur

228 4598 265 4660 ut
298 4595 367 4661 idea
404 4589 549 4660 moderna
582 4595 707 4682 ejusque
745 4597 873 4663 effectus
903 4597 1003 4664 futilis
1034 4617 1104 4664 cum
1128 4599 1340 4686 oonJ'uuetioue
1367 4619 1477 4668 sacra·

229 4697 358 4764 mentali
379 4698 573 4766 coordinatur
596 4701 628 4767 et
651 4701 877 4788 aequiparetur.
922 4703 972 4769 Ad
997 4703 1201 4792 damnaquaa
1221 4701 1330 4772 exoriri
1344 4707 1479 4791 pessunt
