3192 5008
1267 35 1402 109 ψ’

257 295 469 360 Einscbrinlrung
487 296 534 350 ter
553 298 682 352 censurae
701 299 768 349 latae
792 300 859 350 seul.
872 296 953 364 durch
970 295 1209 364 diebulleApoet.
1221 296 1282 350 aad.
1325 275 1387 342 331

256 467 285 530 6.
331 463 567 548 Suspensienem
589 467 627 532 ab
650 465 763 532 Ordine
786 469 927 551 suscepto
949 465 1015 550 ipso
1043 467 1111 550 jure
1133 467 1313 546 incurrunt,
1336 468 1390 552 qui

153 551 296 616 eumdem
335 552 473 618 ordinem
501 553 635 638 recipere
665 555 936 636 praesumpserunt
970 553 1008 618 ab
1046 554 1307 620 excommunicato
1341 553 1391 622 vel

152 655 308 720 suspenso,
331 639 380 705 uel
401 639 567 706 interdicte
589 641 773 710 nominatim
795 640 998 719 denuncietis,
1025 641 1081 706 aut
1103 641 1142 706 ab
1164 639 1319 708 haeretico
1341 640 1391 706 uel

154 723 350 790 schismatico
373 727 505 794 notorio:
536 747 606 793 eum
636 746 708 792 vero
736 726 790 809 qui
818 727 898 792 bona
918 727 986 792 'lide
1010 745 1028 792 a
1051 727 1194 811 quopiam
1217 733 1322 794 eorum
1343 727 1392 793 est

154 811 322 888 ordinatae,
345 812 523 880 exercitium
546 832 607 880 non
627 814 739 880 habere
761 813 877 879 ordinis
900 815 944 880 sie
967 815 1116 897 suscepti,
1147 814 1242 880 donec
1264 813 1389 898 dispen-

154 900 239 964 setur
261 898 463 966 declaramus.

161 1041 163 1048 ,
257 986 287 1050 7.
333 984 444 1050 Olerici
466 986 639 1052 saeculares
661 987 757 1052 exten
778 987 862 1052 ultra
885 987 1015 1070 quatuor
1030 1005 1150 1054 menses
1165 987 1198 1052 iu
1212 987 1391 1054 Urbecom·

152 1073 359 1136 memorantes
391 1073 525 1140 ordinati
559 1074 598 1140 ab
632 1073 692 1138 alio
725 1093 819 1157 quarn
852 1074 891 1138 ab
914 1073 979 1157 ipso
1003 1093 1057 1139 suo
1080 1073 1241 1142 Ordinatio
1274 1074 1393 1158 absque

152 1157 279 1224 licentia
302 1157 392 1225 Oard.
415 1159 507 1225 Urbis
529 1160 655 1238 Vicani,
678 1160 727 1226 rel
742 1160 858 1243 absque
873 1162 996 1243 praevio
1012 1161 1149 1226 examine
1165 1179 1268 1226 coram
1283 1161 1390 1226 eodem

152 1246 293 1327 peracto,
327 1246 377 1311 uel
409 1246 505 1312 etiem
538 1265 558 1312 a
588 1247 710 1330 proprio
745 1245 906 1312 Ordinario
939 1249 1139 1332 posteaquam
1170 1248 1204 1312 in
1231 1247 1390 1331 praedicto

153 1331 290 1396 examine
312 1332 420 1416 rejecti
441 1332 571 1411 luerint3
594 1353 650 1400 uec
673 1353 733 1399 non
756 1334 860 1398 clerici
882 1334 1071 1417 pertinentes
1094 1335 1133 1400 ad
1157 1335 1289 1417 aliquem
1306 1353 1323 1399 e
1338 1351 1389 1399 sex

152 1418 384 1500 Episcopalibus
406 1420 636 1498 suburbicariis,
660 1419 687 1484 si
708 1420 889 1487 ordinentur
912 1424 997 1486 extra
1019 1440 1106 1486 suem
1137 1420 1317 1498 dioecesim,
1340 1419 1388 1488 di·

151 1503 374 1570 missorialibus
403 1505 452 1570 sui
474 1505 628 1572 Ordiuarii
658 1506 697 1572 ad
726 1507 820 1581 elium
851 1507 977 1572 directis
1000 1527 1091 1590 quarn
1119 1507 1158 1572 ad
1182 1507 1272 1574 Oard.
1295 1505 1389 1572 Urbis

87 1629 90 1637 ·
150 1589 327 1670 Viearium3
360 1592 408 1657 vel
440 1612 500 1657 nen
533 1593 709 1677 praemissis
743 1595 815 1658 ante
839 1593 983 1659 Ordinem
1008 1594 1136 1660 Sacrum
1158 1593 1386 1678 suscipiendum

151 1678 310 1742 exercitiis
331 1679 546 1762 spiritualibus
570 1699 625 1764 per
653 1680 758 1746 decem
787 1679 851 1746 dies
882 1682 914 1746 in
936 1681 1025 1748 domo
1047 1681 1165 1746 urbana
1187 1679 1388 1748 Sacerdotem

155 1764 342 1830 aMissione
366 1769 628 1850 nuncupatorum,
663 1768 892 1850 suspensionem
925 1769 963 1834 ab
994 1767 1151 1834 ordinibus
1173 1768 1217 1834 sic
1239 1767 1390 1852 susceptis

152 1851 192 1916 ad
214 1851 445 1935 beneplacitum
467 1853 498 1919 S.
520 1852 607 1920 Sedis
639 1854 705 1938 ipso
735 1854 811 1936 jure.
838 1855 1012 1920 incurrunt:
1043 1854 1186 1939 Episcopi
1214 1873 1286 1922 uero
1308 1853 1392 1920 ordi·

151 1939 263 2004 nantes
285 1939 323 2004 ab
347 1957 405 2003 usu
427 1939 656 2006 Pontificalium
680 1959 735 2024 per
758 1959 882 2006 annum.
958 2008 961 2014 ,

417 2043 613 2126 νΙπΐθνιίίσίιι
634 2045 719 2110 laice
740 2046 910 2111 sentcntiae
930 2051 1101 2111 reseruata.

255 2131 284 2195 1.
329 2128 538 2210 Interdictum,
567 2131 705 2196 Romano
740 2131 884 2197 Pontifici
919 2132 1044 2215 speciali
1076 2131 1166 2196 modo
1197 2132 1389 2198 reservatum

150 2216 216 2300 ipso
235 2217 306 2300 jure
337 2215 499 2282 incurrunt
519 2216 760 2296 Universitates,
788 2216 926 2302 Oollegia
949 2220 980 2283 et
1004 2217 1163 2302 Oapitula,
1198 2236 1390 2302 quecumque

151 2303 272 2368 nomine
294 2306 526 2386 nuncupentur,
559 2304 599 2380 ab
635 2304 878 2370 ordinationibus
913 2323 965 2370 seu
989 2304 1145 2370 mandetis
1167 2303 1304 2386 ejusdem
1326 2303 1389 2368 Ro-

150 2392 235 2456 mani
257 2389 417 2456 Pontificis
438 2409 492 2474 pro
514 2392 652 2475 tempore
686 2391 845 2458 eruentis
879 2391 918 2456 ad
940 2390 1112 2458 universale
1144 2390 1286 2456 futurum
1310 2388 1390 2455 Oen·

151 2477 256 2544 cilium
279 2477 479 2560 appellantia.
1269 2545 1270 2554 ,

254 2565 283 2630 2.
328 2562 467 2630 Scienter
489 2562 680 2630 celebrantes
702 2565 752 2632 uel
774 2563 922 2630 celebrari
945 2563 1092 2630 iacientes
1123 2563 1227 2630 divina
1257 2563 1289 2628 in
1315 2562 1390 2629 locis

150 2651 190 2716 ab
212 2649 386 2730 Ordinerio,
408 2652 458 2717 vel
480 2651 624 2736 delegato
646 2650 767 2730 Judice,
791 2651 840 2716 vel
862 2651 968 2734 ajune
993 2651 1185 2729 interdictis,
1212 2652 1267 2716 eut
1289 2650 1388 2716 nomi·

131 2738 247 2814 ,natim
269 2739 543 2804 excommunicatos
566 2737 607 2804 ad
629 2737 734 2804 divina
754 2737 866 2815 officia,
889 2757 944 2802 seu
959 2737 1168 2804 ecclesiastica
1183 2739 1388 2816 sacramenta,

149 2825 199 2890 rel
220 2825 462 2892 ecclesiasticam
491 2826 683 2910 sepulturam
705 2824 922 2904 admittentes,
953 2823 1154 2891 interdictum
1183 2825 1222 2889 ab
1244 2825 1386 2909 ingressu

147 2911 306 2978 Itcclesiae
327 2913 394 2996 ipso
412 2913 483 2997 jure
504 2912 674 2991 incurrunt,
699 2911 794 2978 donec
815 2911 856 2978 ad
878 2912 1041 2978 arbitrium
1063 2911 1130 2997 ejus
1151 2911 1240 2996 cujus
1262 2913 1387 2978 seuten-

149 2999 228 3062 tiam
250 2999 509 3082 contempserunt,
533 3000 742 3084 competenter
767 2998 984 3065 sabsiecerint.

253 3085 392 3170 Denique
413 3105 620 3170 quoscumque
643 3086 719 3152 alios
734 3085 969 3152 Sacrosauctum
985 3084 1156 3151 Concilium
1171 3083 1388 3150 tridentinum

151 3189 312 3254 suspensos
342 3173 398 3237 aut
429 3173 612 3240 interdictos
645 3173 710 3256 ipso
740 3173 809 3256 jure
833 3191 899 3238 esse
922 3173 1074 3249 decrevit,
1106 3172 1171 3238 Nos
1204 3171 1388 3256 parimodo

151 3258 341 3343 suspensioni
355 3260 405 3324 vel
418 3259 584 3326 interdicto
600 3259 723 3328 eosdem
739 3259 883 3326 obnoxios
898 3277 963 3324 esse
978 3259 1120 3325 volumus
1135 3260 1167 3324 et
1182 3257 1399 3328 declaramus..

252 3344 337 3426 Quae
366 3365 438 3412 vero
460 3365 605 3412 censurae
633 3346 697 3411 sire
720 3345 1058 3426 excommunicationis,
1082 3345 1146 3411 sire
1168 3345 1386 3428 suspensionis,

150 3431 214 3498 siue
236 3431 396 3498 interdicti
417 3433 551 3512 Nostris,
574 3434 629 3499 aut
651 3433 925 3498 Praedecessorum
947 3434 1131 3498 Nostrorum
1147 3431 1385 3497 constitutioni-

149 3519 219 3598 bus,
242 3521 297 3584 aut
318 3520 415 3586 sacris
436 3520 602 3588 canonibus
624 3521 746 3604 praeter
768 3539 829 3595 ees,
853 3538 929 3602 ques
950 3517 1176 3594 recensuimus,
1199 3517 1282 3584 lutae
1302 3519 1385 3597 sunt,

150 3606 243 3688 atque
276 3607 426 3673 hactenus
458 3607 490 3674 in
523 3625 578 3672 sue
610 3607 715 3692 rigore
747 3606 951 3690 perstiterunt
979 3605 1043 3672 sive
1075 3624 1130 3690 pro
1159 3605 1195 3670 R.
1227 3605 1387 3670 Pontificis

149 3691 316 3772 electione,
339 3694 402 3760 sive
424 3712 479 3778 pro
500 3693 621 3760 interno
650 3694 800 3778 regimine
827 3711 1087 3777 quorumcumque
1110 3691 1259 3759 Ordinem
1281 3693 1313 3756 et
1336 3693 1387 3756 ln·

149 3780 330 3846 stitutorum
352 3781 566 3866 Regulerirun,
589 3799 645 3846 uec
658 3800 718 3845 non
733 3799 995 3865 quorumcumque
1011 3778 1228 3863 Collegiomm,
1251 3776 1387 3864 Congre-

150 3867 329 3950 gationum,
362 3869 507 3934 coetuum
540 3867 736 3952 locorumque
769 3868 891 3950 piorum
925 3867 1144 3950 cujuscumque
1177 3865 1309 3932 nominis
1332 3867 1407 3932 aut‘

148 3953 270 4038 generis
292 3956 364 4033 siet,
388 3973 439 4020 eas
460 3972 565 4021 omnes
584 3953 689 4020 firmas
711 3973 788 4042 esse,
810 3956 842 4020 et
863 3954 898 4018 in
920 3972 974 4019 suo
995 3954 1102 4018 robore
1128 3971 1305 4037 permanere
1328 3972 1384 4019 ro·

149 4039 253 4105 lumus
273 4043 305 4106 et
327 4041 529 4107 declaramus.

253 4127 397 4194 Ceterum
419 4128 629 4208 deceruimus,
658 4127 692 4192 in
711 4127 797 4194 noris
819 4126 1061 4210 quibuscumque
1083 4126 1328 4192 concessionibus
1350 4143 1387 4190 ac

148 4214 337 4299 privilegiis,
358 4235 436 4298 quae
459 4216 498 4282 ab
520 4214 700 4299 Apostolica
720 4213 798 4280 Sede
821 4213 945 4279 concedi
968 4212 1065 4278 cuivis
1087 4213 1269 4298 contigerit,
1302 4211 1387 4277 nullo

148 4302 239 4368 modo
273 4321 309 4367 ac
339 4303 459 4370 ratione
491 4301 628 4388 intelligi
649 4319 784 4385 unquam
808 4301 936 4380 debere,
973 4301 1027 4365 aut
1062 4319 1149 4384 posse
1172 4297 1388 4382 comprehendi

149 4388 333 4454 facultatem
356 4389 533 4454 absolvendi
551 4408 570 4455 e
593 4388 724 4467 casibus,
748 4391 780 4454 et
795 4387 931 4454 censuris
947 4387 1138 4470 quibuslibet
1151 4387 1289 4450 Romano
1306 4385 1388 4450 Pon·

149 4473 228 4540 tifici
249 4475 430 4554 reservatis,
452 4475 513 4542 nisi
535 4475 573 4541 de
594 4475 635 4540 iis
656 4474 811 4552 formalis,
839 4473 999 4556 explicita,
1032 4492 1068 4539 ec
1090 4472 1251 4540 individua
1271 4470 1387 4538 mentio

149 4562 234 4632 facta
254 4562 363 4628 fuerit:
385 4579 463 4646 quoe
484 4581 555 4628 vero
577 4560 740 4650 privilegia
762 4564 817 4628 aut
839 4559 1014 4638 facultates,
1035 4561 1100 4629 sire
1124 4578 1143 4624 a
1164 4557 1386 4624 Praedecesso·

148 4649 233 4716 ribus
254 4649 391 4730 Nostris,
424 4648 488 4716 sive
517 4649 613 4717 etiarn
635 4665 655 4714 a
675 4648 775 4717 Nobis
797 4645 926 4717 cuilibet
948 4643 1076 4730 Ooetui,
1106 4644 1230 4724 Ordini,
1254 4645 1390 4732 Congre-

1104 4747 1177 4817 22*
