3152 5014
255 345 291 402 ru
308 347 336 401 Ρ.
355 322 381 400 11.
398 347 438 402 ili.
455 345 502 402 Lit
521 351 604 412 spese.
621 349 646 402 d.
661 350 700 402 11.
716 351 775 414 hpr.
789 349 858 404 leue
870 349 903 404 da
915 347 1010 413 induta.
1025 349 1093 415 plen.
1110 349 1283 406 wncedendr.
1330 332 1390 399 147

252 517 319 584 Hoc
348 517 414 584 Nos
444 517 572 584 consilio
602 517 834 606 Indulgentiam
868 519 909 586 ad
941 520 1041 588 instar
1067 521 1206 590 Jubilaei
1239 523 1392 590 catholico

147 621 216 688 orbi
238 621 470 688 denunciamus.
488 637 491 643 ·
727 651 732 660 ·

252 725 458 808 Quamobrem
490 724 528 791 de
558 724 786 810 Omnipoteutis
815 727 875 792 Dei
901 727 1126 810 misericordia,
1153 713 1194 795 ¹ac
1223 731 1390 797 Beatorum

148 831 237 897 Petri
260 832 292 896 et
315 830 406 898 Pauli
428 830 646 914 Apostolorum
670 831 737 915 ejus
759 833 947 898 auctoritate
970 833 1092 915 conlisi,
1123 853 1159 900 ex
1187 833 1244 900 illa
1272 835 1392 920 ligandi

148 955 185 1000 ac
216 935 354 1001 solvendi
380 930 552 1020 potestate,
584 955 679 1020 quam
701 937 798 1002 Nobis
821 937 972 1003 Dominus
993 938 1069 1006 licet
1088 939 1226 1024 indignis
1248 939 1391 1018 contulit,

148 1039 301 1106 universis
331 1057 368 1104 aa
395 1040 529 1126 singulis
555 1041 716 1125 utriusque
748 1059 837 1106 sexus
860 1040 1122 1108 christifidelibus
1144 1043 1177 1108 in
1196 1045 1283 1112 alnao
1310 1043 1392 1112 Urbe

148 1145 271 1210 Nostro
292 1144 478 1228 mpeditus,
501 1144 551 1210 vel
574 1143 614 1210 ad
637 1163 705 1210 eam
728 1144 973 1224 advenientibus,
997 1146 1051 1229 qui
1072 1165 1092 1210 a
1113 1145 1163 1212 die
1184 1147 1392 1231 primofuturi

148 1247 265 1313 mensis
287 1248 375 1316 Junii
397 1267 493 1332 usque
517 1247 556 1314 ad
579 1248 678 1330 diem,
710 1267 769 1332 quo
793 1247 996 1316 Oecumeuica
1019 1248 1158 1335 Syncdus
1180 1269 1200 1316 a
1220 1251 1318 1316 Nobis
1339 1251 1390 1316 in-

148 1352 234 1418 diota
256 1353 350 1418 inerit
374 1351 527 1431 absoluta,
550 1349 580 1416 S.
603 1351 734 1418 Joannis
756 1353 790 1416 in
811 1351 973 1432 Laterano,
996 1353 1152 1437 Principis
1161 1355 1391 1438 Apostolorum,

149 1458 182 1522 et
205 1455 337 1522 Sanctae
357 1456 475 1522 Mariae
497 1455 625 1539 Majoris
648 1455 818 1536 Basilicas,
844 1457 893 1532 vel
923 1475 1029 1524 earum
1056 1458 1194 1542 aliquam
1214 1457 1263 1523 his
1282 1457 1392 1524 visita·

149 1561 262 1641 verint,
291 1560 395 1644 ibique
428 1581 483 1645 per
517 1559 642 1644 aliquod
674 1561 821 1644 temporis
853 1561 989 1645 spatium
1021 1582 1077 1646 pro
1111 1563 1248 1628 omnium
1280 1561 1392 1628 misere

149 1665 323 1730 errantium
345 1665 558 1742 mmeramme,
587 1683 642 1748 pro
669 1664 882 1732 sanctissimae
905 1665 978 1731 fidei
999 1666 1237 1752 propagatione,
1272 1667 1304 1732 et
1336 1685 1392 1750 pro

149 1767 321 1834 catholicae
343 1769 500 1836 Ecclesiae
521 1787 606 1852 pace,
628 1768 856 1852 tranquillitate
878 1788 914 1836 ao
928 1769 1085 1854 triumpho
1101 1771 1210 1837 devote
1225 1770 1390 1851 oraverint,

150 1874 183 1939 et
205 1875 328 1956 praeter
350 1875 497 1940 consueta
518 1874 650 1957 quatuor
672 1873 745 1938 anni
765 1875 906 1957 tempora
932 1874 1033 1940 tribus
1056 1875 1178 1955 diebus,
1205 1876 1301 1942 etiam
1330 1894 1391 1941 non

150 1977 323 2058 continuis,
346 1997 455 2063 nempe
477 1978 590 2062 quarta
612 1978 644 2044 et
666 1979 752 2044 sexta
774 1977 869 2057 feria,
899 1979 931 2044 et
953 1979 1084 2046 sabbato
1102 1981 1326 2065 jejunaverint,
1359 1980 1392 2045 et

149 2083 233 2148 intra
256 2085 532 2150 commemoratum
553 2082 701 2166 temporis
724 2083 859 2166 spatium
874 2085 1002 2166 peccata
1013 2103 1069 2149 sua
1083 2085 1214 2151 confessi
1225 2084 1392 2152 Sanctissi-

149 2207 238 2254 mum
260 2187 478 2254 Eucharistiae
500 2186 737 2254 Sacramentum
758 2189 933 2253 reverenter
956 2191 1163 2280 susceperint,
1194 2191 1226 2255 et
1248 2188 1393 2274 pauperi·

150 2294 209 2358 bus
225 2293 363 2376 aliquam
386 2291 620 2378 eleemosynam,
642 2293 734 2375 prout
755 2291 919 2375 unicuique
943 2292 1064 2359 devotio
1087 2295 1251 2379 suggeret,
1281 2311 1391 2377 croga-

149 2397 269 2475 verint;
292 2396 403 2462 ceteris
425 2415 496 2462 vero
518 2402 610 2462 extro
636 2394 750 2464 Urbem
771 2395 961 2478 praedictam
985 2397 1172 2480 ubicumque
1194 2397 1389 2482 degentibus,

150 2501 204 2586 qui
225 2501 369 2568 ecclesias
390 2501 428 2566 ab
452 2499 623 2566 Ordinariis
644 2491 792 2579 locorum,
815 2499 865 2565 vel
886 2519 991 2565 eorum
1008 2501 1139 2567 Viaariis
1162 2521 1217 2566 seu
1239 2501 1390 2568 Officiali-

149 2607 218 2686 bus,
242 2607 297 2672 aut
319 2605 356 2670 de
377 2605 502 2670 illorum
524 2603 682 2682 mandato,
706 2603 747 2682 et,
769 2603 846 2686 ipsis
869 2603 1094 2683 deficientibus,
1116 2624 1170 2688 per
1186 2624 1247 2685 eos,
1270 2604 1323 2689 qui
1345 2603 1391 2668 ibi

150 2730 256 2777 curam
280 2709 455 2775 animarum
478 2709 628 2785 exercent,
650 2709 814 2792 postquam
837 2708 876 2774 ad
890 2709 1015 2774 illorum
1030 2709 1175 2775 notitiam
1186 2711 1245 2776 hae
1257 2710 1391 2776 Nostrae

150 2815 288 2880 Litterae
310 2813 515 2898 pervenerint,
538 2812 756 2897 designandas,
777 2813 827 2879 vel
849 2833 957 2878 earum
972 2814 1108 2898 aliquam
1131 2815 1287 2898 praefiniti
1309 2815 1391 2880 tem-

150 2919 233 3004 poris
255 2919 355 3003 spatio
377 2919 425 2985 his
446 2917 651 2997 visitaverint,
675 2917 797 3001 aliaque
811 2918 962 2984 recensita
976 2937 1067 3002 opera
1082 2919 1191 2985 devote
1205 2919 1390 3005 peregerint,

150 3023 363 3108 plenissimam
392 3022 530 3088 omnium
558 3022 755 3106 peccatorum
786 3041 912 3088 suorum
934 3022 1145 3089 remissionem
1169 3024 1201 3088 et
1222 3022 1389 3107 indulgeu-

150 3128 247 3206 tiam,
281 3127 362 3194 sieut
392 3126 426 3191 iu
459 3144 538 3192 anno
561 3125 700 3192 Jubilaei
721 3125 922 3192 visitantibus
952 3127 1052 3192 certas
1080 3125 1225 3192 ecclcsiae
1253 3126 1337 3191 intre
1358 3127 1391 3191 et

92 3285 95 3290 .
152 3233 240 3298 extra
255 3231 371 3298 Urbem
385 3229 577 3314 praedictam
592 3228 719 3294 concedi
734 3231 902 3308 consucvit,
925 3230 1029 3296 tenore
1048 3231 1256 3313 praesentium
1270 3230 1392 3295 miseri·

151 3336 286 3402 corditer
310 3335 344 3401 iu
365 3333 497 3403 Domino
520 3333 715 3400 concedimus
737 3335 830 3418 atque
852 3334 1067 3419 indulgemus:
1090 3354 1169 3419 quae
1190 3333 1392 3420 Indulgentia

151 3440 313 3506 animabus
335 3439 444 3517 edam,
468 3456 547 3521 quae
568 3437 634 3502 Deo
663 3437 697 3502 in
728 3438 858 3503 caritate
888 3439 1070 3522 conjunctae
1099 3459 1135 3505 ex
1162 3439 1222 3504 hac
1243 3439 1309 3505 vita
1330 3437 1392 3504 mi·

152 3544 320 3631 graverint,
337 3563 392 3628 per
414 3543 540 3608 modum
562 3541 703 3626 suffragii
726 3543 875 3626 applicari
896 3544 1022 3627 poterit.

257 3647 460 3714 Concedimus
476 3647 582 3726 etiarn,
605 3648 641 3712 ut
662 3647 846 3730 rumpentes
867 3648 959 3732 atque
982 3649 1042 3714 der
1066 3652 1189 3731 rpentes
1210 3665 1306 3730 quum
1328 3647 1393 3733 pri-

151 3768 239 3818 mum
260 3751 299 3818 ad
322 3770 379 3818 sua
400 3770 433 3818 se
456 3749 612 3815 domicilia
635 3749 824 3832 receperint,
848 3750 989 3832 operibus
1012 3750 1228 3834 suprascriptis
1250 3752 1393 3835 peractis,

152 3859 186 3923 et
211 3855 259 3922 bis
279 3854 406 3922 visitata
426 3853 555 3920 ccclesia
577 3851 757 3932 cathedrali,
781 3851 831 3918 vel
851 3852 971 3936 majori,
1008 3853 1057 3917 vel
1078 3853 1202 3936 propria
1223 3855 1394 3938 parochiali

151 3961 213 4026 loci
244 3944 381 4044 ipsorum
413 3958 563 4026 domicilii
591 3956 732 4024 eamdem
748 3956 998 4040 ¹indulgentiam
1034 3957 1178 4041 consequi
1209 3959 1330 4043 possint
1363 3961 1395 4026 et

151 4064 286 4132 valeant.

255 4168 464 4253 Regularihus
484 4185 557 4233 vero
579 4164 717 4250 personis
751 4163 912 4247 utriusque
943 4183 1032 4231 sexus
1062 4165 1221 4233 etiam'ih
1250 4167 1403 4232 claustris·

151 4273 300 4358 perpetuo
322 4271 523 4358 degentibus,
554 4289 609 4336 nec
635 4289 696 4335 non
726 4269 795 4335 aliis
817 4269 1060 4353 quibuscumque
1083 4273 1149 4338 tam
1171 4271 1278 4353 laicis,
1301 4291 1394 4356 quam

151 4376 379 4457 saecularibus,
408 4376 459 4444 vel
485 4373 701 4466 regularibus,
734 4372 873 4455 itemque
905 4372 938 4437 in
967 4393 1089 4441 earcere
1125 4378 1180 4441 aut
1214 4375 1396 4461 captivitate

152 4480 366 4561 existentibus,
387 4480 437 4547 vel
458 4479 564 4563 aliqua
586 4477 719 4562 corporis
742 4475 936 4555 infirmitate,
959 4496 1015 4544 ssu
1038 4479 1099 4546 alio
1122 4499 1313 4564 quocumque
1335 4479 1395 4546 im·

151 4585 329 4669 pedimento
351 4584 500 4665 detentis,
521 4583 575 4667 qui
595 4586 767 4650 mmoroto
790 4601 894 4662 opera,
919 4582 966 4648 uel
988 4603 1094 4651 eorum
1110 4585 1218 4666 aliqua
1229 4590 1397 4666 praestare

152 4689 357 4774 nequiuerint,
379 4689 416 4753 ut
439 4687 495 4754 illa
517 4685 720 4754 mademarius
742 4703 779 4751 ex
802 4687 875 4751 actu
898 4686 1075 4771 approbatis
1104 4707 1124 4752 a
1145 4688 1283 4754 locorum
1305 4688 1397 4755 Ordi-

1119 4791 1185 4858 10*
