3160 5010
224 281 289 353 466
333 297 486 374 Billzfeld,
509 309 589 360 ¹lnlm.
608 305 745 360 dculseber
763 302 882 360 essenon
900 305 948 358 aul
965 307 1007 362 die
1029 307 1060 360 17
1079 298 1178 370 irenen
1196 307 1242 362 der
1261 309 1355 373 Congu.
1376 305 1477 366 concii.

228 481 260 546 et
284 477 516 544 matrimoniali.
563 477 623 542 llll
645 479 768 542 tantum
791 477 850 542 viri
866 477 1068 542 ecclesiastici
1087 477 1202 562 injure
1220 481 1365 546 canonico
1381 484 1478 565 periti

223 587 374 668 tanquam
413 581 587 648 Consilian'i
621 581 870 666 incorporantur;
911 583 992 646 lacerae
1034 583 1231 649 Consultores
1261 587 1327 650 tam
1364 587 1472 652 clerici

225 706 318 772 quam
341 686 413 752 laici
443 688 645 752 constituunt.
709 685 874 752 Praeterea
913 687 1069 770 promotor
1101 687 1216 754 fiscalis
1260 690 1293 755 et
1324 689 1476 757 Defensor

226 791 494 856 matrimoniorum
533 790 733 868 muneribus,
757 791 931 874 quaeipsis
955 775 1143 874 competunt,
1174 793 1356 878 funguntur.
1402 795 1473 860 Mc-

226 893 340 962 thodns
363 893 545 978 procedendi
568 895 599 959 in
625 897 725 958 causis
749 895 960 960 criminalibus
983 895 1059 960 haec
1083 898 1147 962 est:

331 997 433 1080 Quum
456 1017 548 1084 super
571 1001 744 1066 excessibus
766 999 831 1064 suis
856 999 1018 1086 quisquam
1042 1001 1136 1067 fuerit
1159 995 1472 1072 infamatusservatis

230 1123 265 1169 ex
284 1103 353 1186 jure
376 1103 534 1168 servandis
557 1123 575 1168 a
598 1101 714 1170 Fiscali
735 1103 859 1169 libellus
884 1104 1091 1169 accusatorius
1115 1105 1304 1172 Consistorio
1334 1109 1471 1176 offertur.

229 1209 315 1275 Tunc
337 1209 479 1275 officialis
502 1207 550 1274 vel
584 1209 636 1293 qui
671 1209 709 1273 ab
745 1207 809 1292 ipso
844 1207 1016 1294 delegatur,
1048 1209 1088 1274 ad
1110 1209 1212 1276 locum
1236 1211 1290 1276 ubi
1308 1213 1471 1296 'inquisitio

224 1315 366 1380 facienda
389 1315 446 1392 est,
469 1313 672 1396 personaliter
696 1312 866 1392 descendit,
889 1314 987 1380 testes
999 1313 1121 1400 juratos
1137 1313 1243 1395 audit,
1260 1315 1469 1384 instrumenta

224 1423 254 1483 et
279 1417 463 1483 documenta
486 1417 523 1482 ad
549 1437 671 1484 clansam
696 1419 884 1501 pertinentia
908 1417 1049 1502 indagat,
1074 1419 1206 1486 testibus
1229 1421 1361 1504 receptis
1383 1441 1469 1486 reum

223 1523 428 1588 constitutum
452 1521 551 1602 audit,
574 1524 671 1587 testes
694 1521 921 1604 reprobatories
944 1521 1062 1607 recipit.
1093 1523 1297 1607 inquisitione
1312 1525 1470 1603 sufficien-

224 1631 273 1693 ter·
309 1627 464 1692 instructa
498 1647 657 1710 processus
691 1627 802 1710 incipit
836 1627 1010 1692 defensivus
1047 1628 1118 1692 inde
1153 1629 1233 1712 quod
1265 1633 1333 1694 acta
1359 1613 1470 1712 judieii

198 1756 200 1761 ·
221 1734 364 1797 universa
385 1749 436 1797 reo
460 1733 736 1814 communicantur,
763 1731 967 1816 Posteaquam
984 1731 1010 1796 is
1027 1731 1234 1798 defensionem
1251 1719 1337 1798 suam
1354 1733 1471 1818 scripto

224 1837 404 1904 mundatam
427 1836 583 1920 produxit,
618 1836 770 1921 legitimis
801 1835 1030 1920 exceptionibus
1064 1839 1096 1902 et
1135 1837 1390 1922 replicationibus
1431 1839 1468 1903 lit

226 1941 322 2006 locus.
367 1939 519 2022 Deinceps
541 1939 601 2005 duo
624 1941 656 2003 in
680 1959 862 2024 unaquaque
886 1959 977 2006 causa
1001 1941 1177 2008 Consiliarii
1202 1941 1240 2006 ad
1263 1942 1388 2026 plenam
1418 1943 1469 2008 in·

222 2044 437 2108 formationem
479 2043 609 2128 Collegii
643 2046 724 2110 vices
747 2044 921 2110 Referentis
957 2047 988 2110 et
1023 2045 1246 2111 Correferentis
1281 2047 1466 2130 adimplent.

223 2147 387 2212 Sententia
422 2148 455 2212 in
485 2147 619 2213 sessione
654 2147 834 2214 Consistorii
858 2149 1028 2214 constituta
1051 2151 1096 2214 sic
1118 2151 1261 2215 exaratur
1284 2151 1410 2234 scripto,
1434 2151 1470 2216 ut

224 2252 326 2316 tenori
347 2251 484 2334 ejusdem
517 2251 651 2316 arldatm·
681 2253 830 2335 expositio
860 2253 935 2317 iacti
967 2255 997 2318 et
1024 2254 1115 2336 juris.
1162 2255 1197 2318 ln
1227 2255 1415 2338 publicanda
1439 2258 1469 2320 et

224 2353 408 2422 insinuanda
431 2373 482 2420 reo
505 2355 659 2419 sententia
684 2356 845 2420 seruantur
869 2347 1080 2423 solemnitates
1103 2377 1156 2442 por
1179 2357 1274 2422 libros
1291 2358 1469 2448 Decretales

221 2460 438 2544 praescriptae.
498 2455 581 2524 [ntra
619 2461 657 2524 10
704 2461 822 2526 dierum
856 2463 989 2544 spatium
1028 2461 1193 2545 appellatio
1232 2463 1452 2548 interponenda
1462 2447 1473 2538 ςι

223 2563 369 2630 exhibitis
404 2566 507 2628 autern
532 2564 690 2646 apostolis
725 2565 805 2628 infra
842 2567 882 2627 30
917 2550 982 2630 dies
1016 2564 1139 2630 libellus
1174 2565 1394 2648 appellatorias
1422 2567 1469 2630 est

223 2669 404 2749 offerendus,
439 2670 499 2752 qui·
526 2671 587 2732 una
621 2687 690 2734 eum
715 2669 803 2732 Actis
834 2670 951 2752 periurae
975 2669 1148 2734 Instantiae
1179 2661 1249 2734 cum
1283 2669 1394 2736 ludica
1431 2671 1470 2734 ad

222 2793 312 2858 quem
340 2771 597 2839 communicatis.
644 2771 859 2842 Terrninaudis
888 2773 1080 2856 processibus
1115 2776 1231 2856 quanta
1266 2773 1332 2839 lieri
1366 2773 1471 2857 potest

227 2879 380 2944 brevitate
402 2877 553 2942 studetur.
599 2875 707 2956 Quoad
730 2875 876 2942 Senatum
903 2877 1085 2944 consistorii
1108 2879 1246 2958 ciuilem,
1277 2879 1304 2941 is
1334 2877 1368 2941 in
1396 2898 1469 2962 pro-

228 3001 315 3048 cessu
338 2982 557 3046 matrimoniali
583 3000 655 3064 prae
679 2983 775 3046 oculis
799 2983 894 3048 habet
917 2984 981 3048 tam
1001 2983 1080 3067 juris
1106 2983 1277 3048 eommunis
1292 2985 1470 3066 praecepta,

230 3106 321 3170 quam
346 3085 585 3151 instructionem
609 3106 662 3169 pro
685 3087 819 3153 tudiciis
842 3084 1069 3153 Ecclesiastiels
1092 3087 1219 3170 Imperii
1242 3087 1402 3172 austriaci
1434 3089 1472 3152 ab

231 3191 300 3278 blm.
324 3190 354 3256 J.
378 3189 528 3256 Othmaro
552 3188 641 3255 dard.
666 3191 833 3272 Ransclror,
858 3191 950 3258 Areia.
977 3191 1066 3255 Vind.
1091 3210 1210 3256 summo
1234 3191 1338 3256 labore
1363 3209 1399 3256 ac
1423 3210 1474 3256 sa·

231 3292 349 3376 pientia
381 3293 613 3372 elucubratam,
647 3293 678 3358 in
716 3315 776 3378 qua
818 3313 956 3360 censores
990 3295 1120 3359 Romam
1156 3294 1233 3358 nihil
1261 3315 1294 3360 se
1317 3296 1472 3362 invenisse

230 3397 338 3464 testati
362 3398 434 3462 sunt
457 3396 499 3479 (d.
524 3398 553 3462 4.
578 3397 654 3462 Maii
672 3399 768 3482 1855)
784 3399 866 3482 quod
882 3399 930 3464 uel
946 3418 1102 3464 sacrorum
1118 3417 1269 3466 correnum
1284 3401 1474 3484 praescripto

231 3501 281 3568 vel
302 3501 540 3584 apostolicarum
565 3499 828 3592 Constitutionurn
853 3502 1101 3568 ordinationibus
1117 3504 1166 3568 rel
1182 3505 1382 3586 probatorum
1393 3505 1474 3571 Doc-

229 3609 333 3671 torum
356 3597 528 3692 sententiis
553 3605 707 3670 eonforme
741 3625 800 3670 non
831 3607 882 3670 sit.
920 3607 1087 3676 lncausis
1117 3607 1182 3673 tam
1206 3609 1473 3691 separationema

230 3709 320 3794 thoro
343 3711 375 3772 et
396 3725 513 3786 mensa,
537 3709 811 3792 quamuineulum
835 3709 1062 3776 matrimoniale
1086 3710 1339 3788 concernentibus
1361 3711 1473 3778 relatio

231 3812 369 3902 cleantis
393 3814 538 3878 accurata
560 3831 579 3876 a
603 3813 759 3898 Theologo
783 3815 814 3880 et
838 3813 858 3878 J
862 3813 1066 3880 urisconsulto
1097 3815 1208 3897 duplex
1239 3815 1413 3900 coneipitur
1443 3817 1474 3882 et

231 3917 262 3981 in
287 3914 423 4000 Collegio
447 3915 622 3996 discutitur,
645 3920 810 4002 antequam
831 3917 988 3983 sententia
1011 3918 1117 3982 fertur.
1242 3928 1243 3931 ’

241 4027 274 4066 f
334 4021 389 4086 Ad
408 4020 508 4088 XVI.
554 4021 598 4086 Ex
629 4021 797 4086 domestico
825 4022 993 4102 famulatu,
1026 4041 1115 4104 quem
1151 4023 1277 4087 familiis
1303 4023 1475 4090 'catholicis

231 4125 391 4208 praestant
414 4143 561 4206 personae
583 4125 785 4204 acatholicae,
809 4126 928 4190 minora
944 4125 1051 4208 utique
1067 4125 1249 4207 proveniunt
1264 4129 1357 4207 mala,
1382 4147 1472 4212 quam

213 4247 268 4294 ’ex
290 4229 456 4307 famulatu,
480 4229 532 4311 qui
556 4227 685 4293 familiis
710 4229 891 4294 acatholicis
914 4229 1091 4311 praestatur
1113 4245 1167 4310 per
1194 4247 1340 4312 personas
1365 4232 1474 4298 catho-

232 4331 318 4397 licas.
365 4329 630 4412 Quemadmodum
653 4351 702 4397 res
723 4351 757 4396 se
780 4332 897 4396 habent
919 4332 951 4396 in
979 4334 1133 4416 praesenti
1166 4331 1321 4398 variarum
1354 4335 1474 4402 conlea-

234 4435 355 4500 sionnm
374 4433 557 4500 Germaniae
582 4435 797 4520 religiosarum
822 4436 956 4503 civiliter
977 4438 1025 4503 uel
1048 4436 1317 4524 aequiparatamm
1341 4439 1390 4504 vel
1412 4439 1475 4506 sal·

233 4541 298 4604 tem
322 4539 524 4604 toleretarum
549 4541 645 4618 statu,
670 4559 725 4604 nee
747 4539 815 4605 lieri
837 4543 941 4624 potest
965 4553 1020 4608 nee
1043 4541 1247 4626 opportunum
1260 4560 1326 4608 esse
1343 4541 1475 4622 uidetur,

235 4643 271 4707 ut
304 4641 503 4708 interdictum
538 4643 785 4725 ecclesiasticum
829 4646 866 4711 de
906 4647 1031 4715 vitando
1072 4645 1248 4735 istiusmodi
1283 4647 1475 4728 commercio,
