<?xml version="1.0" encoding="UTF-8"?>
<!DOCTYPE html PUBLIC "-//W3C//DTD XHTML 1.0 Transitional//EN"
    "http://www.w3.org/TR/xhtml1/DTD/xhtml1-transitional.dtd">
<html xmlns="http://www.w3.org/1999/xhtml" xml:lang="en" lang="en">
 <head>
  <title>
</title>
<meta http-equiv="Content-Type" content="text/html;charset=utf-8" />
  <meta name='ocr-system' content='tesseract 3.04.00' />
  <meta name='ocr-capabilities' content='ocr_page ocr_carea ocr_par ocr_line ocrx_word'/>
</head>
<body>
  <div class='ocr_page' id='page_1' title='image "./archivfrkatholi06jurigoog/archivfrkatholi06jurigoog_0374.png"; bbox 0 0 3190 5010; ppageno 0'>
   <div class='ocr_carea' id='block_1_1' title="bbox 228 313 1196 383">
    <p class='ocr_par' dir='ltr' id='par_1_1' title="bbox 228 313 1196 383">
     <span class='ocr_line' id='line_1_1' title="bbox 228 313 1196 383; baseline 0.004 -5"><span class='ocrx_word' id='word_1_1' title='bbox 228 313 291 379; x_wconf 81' lang='grc'>368</span> <span class='ocrx_word' id='word_1_2' title='bbox 512 330 548 382; x_wconf 88' lang='lat' dir='ltr'>ru</span> <span class='ocrx_word' id='word_1_3' title='bbox 566 329 610 382; x_wconf 86' lang='lat' dir='ltr'>rr.</span> <span class='ocrx_word' id='word_1_4' title='bbox 630 329 912 382; x_wconf 63' lang='lat' dir='ltr'>fabricationibus</span> <span class='ocrx_word' id='word_1_5' title='bbox 931 330 956 382; x_wconf 86' lang='grc'>1.</span> <span class='ocrx_word' id='word_1_6' title='bbox 976 330 1017 382; x_wconf 81' lang='lat'>25.</span> <span class='ocrx_word' id='word_1_7' title='bbox 1034 330 1103 383; x_wconf 81' lang='lat' dir='ltr'>sunu</span> <span class='ocrx_word' id='word_1_8' title='bbox 1123 331 1196 382; x_wconf 88' lang='lat' dir='ltr'>rsoo.</span> 
     </span>
    </p>
   </div>
   <div class='ocr_carea' id='block_1_2' title="bbox 225 497 1574 3964">
    <p class='ocr_par' dir='ltr' id='par_1_2' title="bbox 225 497 1468 1277">
     <span class='ocr_line' id='line_1_2' title="bbox 228 497 1463 583; baseline -0.001 -17"><span class='ocrx_word' id='word_1_9' title='bbox 228 501 325 566; x_wconf 88' lang='lat' dir='ltr'>saeris</span> <span class='ocrx_word' id='word_1_10' title='bbox 347 499 511 575; x_wconf 90' lang='lat' dir='ltr'>ministris,</span> <span class='ocrx_word' id='word_1_11' title='bbox 534 497 686 580; x_wconf 81' lang='lat' dir='ltr'>rebusque</span> <span class='ocrx_word' id='word_1_12' title='bbox 709 498 824 578; x_wconf 84' lang='lat' dir='ltr'>illatas,</span> <span class='ocrx_word' id='word_1_13' title='bbox 847 497 981 564; x_wconf 83' lang='lat' dir='ltr'>Olerioos</span> <span class='ocrx_word' id='word_1_14' title='bbox 1003 499 1133 565; x_wconf 87' lang='lat' dir='ltr'>militari</span> <span class='ocrx_word' id='word_1_15' title='bbox 1156 499 1373 583; x_wconf 89' lang='lat' dir='ltr'>conquisitioni</span> <span class='ocrx_word' id='word_1_16' title='bbox 1395 501 1463 565; x_wconf 90' lang='lat' dir='ltr'>sub·</span> 
     </span>
     <span class='ocr_line' id='line_1_3' title="bbox 225 585 1464 672; baseline 0 -20"><span class='ocrx_word' id='word_1_17' title='bbox 225 588 321 672; x_wconf 89' lang='lat' dir='ltr'>jicere</span> <span class='ocrx_word' id='word_1_18' title='bbox 343 605 403 652; x_wconf 91' lang='lat' dir='ltr'>non</span> <span class='ocrx_word' id='word_1_19' title='bbox 426 585 593 650; x_wconf 86' lang='lat' dir='ltr'>dubitavit.</span> <span class='ocrx_word' id='word_1_20' title='bbox 640 585 753 668; x_wconf 84' lang='lat' dir='ltr'>Ecquis</span> <span class='ocrx_word' id='word_1_21' title='bbox 785 605 846 651; x_wconf 91' lang='lat' dir='ltr'>non</span> <span class='ocrx_word' id='word_1_22' title='bbox 879 587 965 652; x_wconf 83' lang='lat' dir='ltr'>ridet</span> <span class='ocrx_word' id='word_1_23' title='bbox 999 605 1093 669; x_wconf 86' lang='lat' dir='ltr'>quam</span> <span class='ocrx_word' id='word_1_24' title='bbox 1116 586 1278 664; x_wconf 87' lang='lat' dir='ltr'>damnosa,</span> <span class='ocrx_word' id='word_1_25' title='bbox 1313 589 1345 652; x_wconf 92' lang='grc'>11</span> <span class='ocrx_word' id='word_1_26' title='bbox 1378 607 1464 670; x_wconf 88' lang='lat' dir='ltr'>quam</span> 
     </span>
     <span class='ocr_line' id='line_1_4' title="bbox 228 671 1464 757; baseline -0.002 -16"><span class='ocrx_word' id='word_1_27' title='bbox 228 673 353 740; x_wconf 90' lang='lat' dir='ltr'>hostilis</span> <span class='ocrx_word' id='word_1_28' title='bbox 375 671 533 736; x_wconf 81' lang='lat' dir='ltr'>Ecclesiae</span> <span class='ocrx_word' id='word_1_29' title='bbox 556 672 599 736; x_wconf 91' lang='lat' dir='ltr'>sit</span> <span class='ocrx_word' id='word_1_30' title='bbox 620 671 696 736; x_wconf 86' lang='lat' dir='ltr'>baec</span> <span class='ocrx_word' id='word_1_31' title='bbox 719 673 784 750; x_wconf 88' lang='lat' dir='ltr'>ler,</span> <span class='ocrx_word' id='word_1_32' title='bbox 818 692 897 755; x_wconf 90' lang='lat' dir='ltr'>quae</span> <span class='ocrx_word' id='word_1_33' title='bbox 930 673 1087 740; x_wconf 78' lang='lat' dir='ltr'>Ecclesiae</span> <span class='ocrx_word' id='word_1_34' title='bbox 1115 675 1167 756; x_wconf 89' lang='lat' dir='ltr'>jus</span> <span class='ocrx_word' id='word_1_35' title='bbox 1198 674 1236 738; x_wconf 94' lang='lat' dir='ltr'>ab</span> <span class='ocrx_word' id='word_1_36' title='bbox 1258 675 1325 757; x_wconf 89' lang='lat' dir='ltr'>ipso</span> <span class='ocrx_word' id='word_1_37' title='bbox 1347 672 1464 739; x_wconf 83' lang='lat' dir='ltr'>Christo</span> 
     </span>
     <span class='ocr_line' id='line_1_5' title="bbox 228 757 1466 842; baseline -0.002 -16"><span class='ocrx_word' id='word_1_38' title='bbox 228 761 361 826; x_wconf 90' lang='lat' dir='ltr'>Domino</span> <span class='ocrx_word' id='word_1_39' title='bbox 383 759 413 824; x_wconf 88' lang='lat' dir='ltr'>ai</span> <span class='ocrx_word' id='word_1_40' title='bbox 434 758 589 822; x_wconf 89' lang='lat' dir='ltr'>tributum</span> <span class='ocrx_word' id='word_1_41' title='bbox 612 757 752 840; x_wconf 88' lang='lat' dir='ltr'>impedit,</span> <span class='ocrx_word' id='word_1_42' title='bbox 776 760 809 824; x_wconf 90' lang='lat' dir='ltr'>et</span> <span class='ocrx_word' id='word_1_43' title='bbox 830 761 969 824; x_wconf 89' lang='lat' dir='ltr'>coarctat</span> <span class='ocrx_word' id='word_1_44' title='bbox 990 759 1124 842; x_wconf 86' lang='lat' dir='ltr'>eligendi</span> <span class='ocrx_word' id='word_1_45' title='bbox 1146 759 1281 838; x_wconf 90' lang='lat' dir='ltr'>idoneos,</span> <span class='ocrx_word' id='word_1_46' title='bbox 1309 779 1346 825; x_wconf 89' lang='lat' dir='ltr'>ao</span> <span class='ocrx_word' id='word_1_47' title='bbox 1367 779 1466 824; x_wconf 90' lang='lat' dir='ltr'>neces-</span> 
     </span>
     <span class='ocr_line' id='line_1_6' title="bbox 228 844 1466 930; baseline -0.002 -18"><span class='ocrx_word' id='word_1_48' title='bbox 228 847 325 912; x_wconf 89' lang='lat' dir='ltr'>sarios</span> <span class='ocrx_word' id='word_1_49' title='bbox 346 845 516 922; x_wconf 89' lang='lat' dir='ltr'>ministros,</span> <span class='ocrx_word' id='word_1_50' title='bbox 539 844 593 927; x_wconf 89' lang='lat' dir='ltr'>qui</span> <span class='ocrx_word' id='word_1_51' title='bbox 615 844 654 908; x_wconf 92' lang='lat' dir='ltr'>ab</span> <span class='ocrx_word' id='word_1_52' title='bbox 677 845 785 910; x_wconf 87' lang='lat' dir='ltr'>eodem</span> <span class='ocrx_word' id='word_1_53' title='bbox 810 844 937 912; x_wconf 86' lang='lat' dir='ltr'>Christo</span> <span class='ocrx_word' id='word_1_54' title='bbox 960 845 1001 910; x_wconf 87' lang='lat' dir='ltr'>ad</span> <span class='ocrx_word' id='word_1_55' title='bbox 1021 846 1158 911; x_wconf 85' lang='lat' dir='ltr'>diuinam</span> <span class='ocrx_word' id='word_1_56' title='bbox 1181 866 1270 912; x_wconf 91' lang='lat' dir='ltr'>suam</span> <span class='ocrx_word' id='word_1_57' title='bbox 1290 847 1466 930; x_wconf 82' lang='lat' dir='ltr'>religionem</span> 
     </span>
     <span class='ocr_line' id='line_1_7' title="bbox 228 930 1467 1016; baseline -0.001 -17"><span class='ocrx_word' id='word_1_58' title='bbox 228 933 389 1010; x_wconf 89' lang='lat' dir='ltr'>tuendam,</span> <span class='ocrx_word' id='word_1_59' title='bbox 412 930 661 1014; x_wconf 80' lang='lat' dir='ltr'><strong>propagandam,</strong></span> <span class='ocrx_word' id='word_1_60' title='bbox 684 931 724 996; x_wconf 86' lang='lat' dir='ltr'>ad</span> <span class='ocrx_word' id='word_1_61' title='bbox 748 931 920 1012; x_wconf 86' lang='lat' dir='ltr'>animarum</span> <span class='ocrx_word' id='word_1_62' title='bbox 940 931 1074 998; x_wconf 89' lang='lat' dir='ltr'>salutem</span> <span class='ocrx_word' id='word_1_63' title='bbox 1097 933 1256 1016; x_wconf 88' lang='lat' dir='ltr'>usquead</span> <span class='ocrx_word' id='word_1_64' title='bbox 1279 952 1467 999; x_wconf 89' lang='lat' dir='ltr'>consumma-</span> 
     </span>
     <span class='ocr_line' id='line_1_8' title="bbox 228 1017 1468 1104; baseline -0.002 -18"><span class='ocrx_word' id='word_1_65' title='bbox 228 1021 346 1088; x_wconf 87' lang='lat' dir='ltr'>tionem</span> <span class='ocrx_word' id='word_1_66' title='bbox 369 1017 485 1084; x_wconf 82' lang='grc'><strong>11111111</strong></span> <span class='ocrx_word' id='word_1_67' title='bbox 506 1017 730 1100; x_wconf 88' lang='lat' dir='ltr'>procurandum</span> <span class='ocrx_word' id='word_1_68' title='bbox 753 1019 916 1084; x_wconf 85' lang='lat' dir='ltr'>constituti</span> <span class='ocrx_word' id='word_1_69' title='bbox 936 1019 1076 1095; x_wconf 85' lang='lat' dir='ltr'>fuerunt;</span> <span class='ocrx_word' id='word_1_70' title='bbox 1107 1039 1245 1102; x_wconf 90' lang='lat' dir='ltr'>quaeque</span> <span class='ocrx_word' id='word_1_71' title='bbox 1277 1020 1468 1104; x_wconf 89' lang='lat' dir='ltr'>potissimum</span> 
     </span>
     <span class='ocr_line' id='line_1_9' title="bbox 229 1103 1467 1188; baseline -0.002 -15"><span class='ocrx_word' id='word_1_72' title='bbox 229 1125 265 1173; x_wconf 94' lang='lat' dir='ltr'>eo</span> <span class='ocrx_word' id='word_1_73' title='bbox 287 1105 380 1172; x_wconf 90' lang='lat' dir='ltr'>unice</span> <span class='ocrx_word' id='word_1_74' title='bbox 401 1105 541 1188; x_wconf 89' lang='lat' dir='ltr'>spectare</span> <span class='ocrx_word' id='word_1_75' title='bbox 561 1103 685 1168; x_wconf 87' lang='lat' dir='ltr'>videtur</span> <span class='ocrx_word' id='word_1_76' title='bbox 707 1105 743 1168; x_wconf 89' lang='lat' dir='ltr'>ut</span> <span class='ocrx_word' id='word_1_77' title='bbox 764 1105 798 1168; x_wconf 92' lang='lat' dir='ltr'>in</span> <span class='ocrx_word' id='word_1_78' title='bbox 819 1104 877 1170; x_wconf 87' lang='lat' dir='ltr'>hac</span> <span class='ocrx_word' id='word_1_79' title='bbox 906 1105 1118 1170; x_wconf 87' lang='lat' dir='ltr'>infelicissima</span> <span class='ocrx_word' id='word_1_80' title='bbox 1140 1106 1248 1184; x_wconf 89' lang='lat' dir='ltr'>Italia,</span> <span class='ocrx_word' id='word_1_81' title='bbox 1276 1107 1303 1170; x_wconf 93' lang='lat' dir='ltr'>si</span> <span class='ocrx_word' id='word_1_82' title='bbox 1325 1106 1467 1171; x_wconf 86' lang='grc'><strong>11111111-</strong></span> 
     </span>
     <span class='ocr_line' id='line_1_10' title="bbox 230 1189 1439 1277; baseline -0.002 -19"><span class='ocrx_word' id='word_1_83' title='bbox 230 1212 322 1277; x_wconf 91' lang='lat' dir='ltr'>quam</span> <span class='ocrx_word' id='word_1_84' title='bbox 345 1193 459 1275; x_wconf 89' lang='lat' dir='ltr'>posset,</span> <span class='ocrx_word' id='word_1_85' title='bbox 483 1189 635 1256; x_wconf 86' lang='lat' dir='ltr'>catholica</span> <span class='ocrx_word' id='word_1_86' title='bbox 657 1190 795 1256; x_wconf 78' lang='lat' dir='ltr'>Ecclesia</span> <span class='ocrx_word' id='word_1_87' title='bbox 817 1191 958 1256; x_wconf 89' lang='lat' dir='ltr'>funditus</span> <span class='ocrx_word' id='word_1_88' title='bbox 981 1191 1176 1257; x_wconf 84' lang='lat' dir='ltr'>delectaret</span> <span class='ocrx_word' id='word_1_89' title='bbox 1199 1194 1439 1258; x_wconf 74' lang='lat' dir='ltr'>exterminetur?</span> 
     </span>
    </p>

    <p class='ocr_par' dir='ltr' id='par_1_3' title="bbox 231 1276 1475 2311">
     <span class='ocr_line' id='line_1_11' title="bbox 334 1276 1468 1362; baseline -0.002 -18"><span class='ocrx_word' id='word_1_90' title='bbox 334 1278 432 1344; x_wconf 88' lang='lat' dir='ltr'>Nobis</span> <span class='ocrx_word' id='word_1_91' title='bbox 455 1278 537 1342; x_wconf 89' lang='lat' dir='ltr'>certe</span> <span class='ocrx_word' id='word_1_92' title='bbox 560 1277 653 1342; x_wconf 87' lang='lat' dir='ltr'>verba</span> <span class='ocrx_word' id='word_1_93' title='bbox 677 1276 789 1342; x_wconf 88' lang='lat' dir='ltr'>desunt</span> <span class='ocrx_word' id='word_1_94' title='bbox 812 1277 852 1342; x_wconf 90' lang='lat' dir='ltr'>ad</span> <span class='ocrx_word' id='word_1_95' title='bbox 875 1277 1027 1360; x_wconf 91' lang='lat' dir='ltr'>ejusmodi</span> <span class='ocrx_word' id='word_1_96' title='bbox 1049 1277 1150 1362; x_wconf 90' lang='lat' dir='ltr'>legem</span> <span class='ocrx_word' id='word_1_97' title='bbox 1173 1279 1272 1344; x_wconf 90' lang='lat' dir='ltr'>denno</span> <span class='ocrx_word' id='word_1_98' title='bbox 1294 1279 1468 1362; x_wconf 87' lang='lat' dir='ltr'>improban-</span> 
     </span>
     <span class='ocr_line' id='line_1_12' title="bbox 232 1361 1470 1448; baseline -0.003 -16"><span class='ocrx_word' id='word_1_99' title='bbox 232 1365 307 1432; x_wconf 89' lang='lat' dir='ltr'>darn</span> <span class='ocrx_word' id='word_1_100' title='bbox 328 1383 366 1430; x_wconf 89' lang='lat' dir='ltr'>ac</span> <span class='ocrx_word' id='word_1_101' title='bbox 388 1362 613 1430; x_wconf 75' lang='lat' dir='ltr'>detestandam.</span> <span class='ocrx_word' id='word_1_102' title='bbox 658 1361 794 1446; x_wconf 79' lang='lat' dir='ltr'>Quisque</span> <span class='ocrx_word' id='word_1_103' title='bbox 826 1365 941 1442; x_wconf 90' lang='lat' dir='ltr'>noscit,</span> <span class='ocrx_word' id='word_1_104' title='bbox 975 1365 1041 1430; x_wconf 91' lang='lat' dir='ltr'>Nos</span> <span class='ocrx_word' id='word_1_105' title='bbox 1075 1383 1129 1448; x_wconf 91' lang='lat' dir='ltr'>pro</span> <span class='ocrx_word' id='word_1_106' title='bbox 1161 1365 1334 1448; x_wconf 86' lang='lat' dir='ltr'>Apostolici</span> <span class='ocrx_word' id='word_1_107' title='bbox 1366 1365 1470 1431; x_wconf 80' lang='lat' dir='ltr'>Nostri</span> 
     </span>
     <span class='ocr_line' id='line_1_13' title="bbox 231 1449 1470 1535; baseline -0.002 -16"><span class='ocrx_word' id='word_1_108' title='bbox 231 1451 398 1519; x_wconf 89' lang='lat' dir='ltr'>ministerii</span> <span class='ocrx_word' id='word_1_109' title='bbox 420 1468 547 1516; x_wconf 92' lang='lat' dir='ltr'>munere</span> <span class='ocrx_word' id='word_1_110' title='bbox 569 1449 653 1514; x_wconf 88' lang='lat' dir='ltr'>haud</span> <span class='ocrx_word' id='word_1_111' title='bbox 675 1450 815 1514; x_wconf 89' lang='lat' dir='ltr'>omisisse</span> <span class='ocrx_word' id='word_1_112' title='bbox 829 1451 944 1516; x_wconf 89' lang='lat' dir='ltr'>Nostro</span> <span class='ocrx_word' id='word_1_113' title='bbox 966 1451 1065 1516; x_wconf 88' lang='lat' dir='ltr'>officio</span> <span class='ocrx_word' id='word_1_114' title='bbox 1081 1451 1305 1517; x_wconf 90' lang='lat' dir='ltr'>studiosissime</span> <span class='ocrx_word' id='word_1_115' title='bbox 1320 1453 1470 1535; x_wconf 84' lang='lat' dir='ltr'>perfungi,</span> 
     </span>
     <span class='ocr_line' id='line_1_14' title="bbox 232 1535 1473 1606; baseline -0.002 -2"><span class='ocrx_word' id='word_1_116' title='bbox 232 1541 265 1604; x_wconf 90' lang='lat' dir='ltr'>et</span> <span class='ocrx_word' id='word_1_117' title='bbox 282 1555 388 1606; x_wconf 90' lang='lat' dir='ltr'>omnes</span> <span class='ocrx_word' id='word_1_118' title='bbox 400 1535 601 1602; x_wconf 88' lang='lat' dir='ltr'>Venerabiles</span> <span class='ocrx_word' id='word_1_119' title='bbox 620 1536 744 1602; x_wconf 80' lang='lat' dir='ltr'>Fratres</span> <span class='ocrx_word' id='word_1_120' title='bbox 763 1555 918 1602; x_wconf 89' lang='lat' dir='ltr'>sacrorum</span> <span class='ocrx_word' id='word_1_121' title='bbox 936 1537 969 1600; x_wconf 93' lang='lat' dir='ltr'>in</span> <span class='ocrx_word' id='word_1_122' title='bbox 987 1538 1080 1602; x_wconf 87' lang='lat' dir='ltr'>Italia</span> <span class='ocrx_word' id='word_1_123' title='bbox 1092 1539 1261 1603; x_wconf 86' lang='lat' dir='ltr'>Antistites</span> <span class='ocrx_word' id='word_1_124' title='bbox 1272 1557 1342 1603; x_wconf 90' lang='lat' dir='ltr'>cum</span> <span class='ocrx_word' id='word_1_125' title='bbox 1354 1557 1473 1603; x_wconf 88' lang='lat' dir='ltr'>summa</span> 
     </span>
     <span class='ocr_line' id='line_1_15' title="bbox 234 1622 1472 1707; baseline -0.003 -15"><span class='ocrx_word' id='word_1_126' title='bbox 234 1644 341 1692; x_wconf 88' lang='lat' dir='ltr'>eorum</span> <span class='ocrx_word' id='word_1_127' title='bbox 354 1624 488 1690; x_wconf 88' lang='lat' dir='ltr'>nominis</span> <span class='ocrx_word' id='word_1_128' title='bbox 499 1622 590 1688; x_wconf 89' lang='lat' dir='ltr'>laude</span> <span class='ocrx_word' id='word_1_129' title='bbox 599 1622 790 1706; x_wconf 89' lang='lat' dir='ltr'>justissimas</span> <span class='ocrx_word' id='word_1_130' title='bbox 802 1641 874 1688; x_wconf 88' lang='lat' dir='ltr'>suas</span> <span class='ocrx_word' id='word_1_131' title='bbox 893 1623 1001 1690; x_wconf 88' lang='lat' dir='ltr'>fecisse</span> <span class='ocrx_word' id='word_1_132' title='bbox 1012 1624 1162 1707; x_wconf 88' lang='lat' dir='ltr'>querelas,</span> <span class='ocrx_word' id='word_1_133' title='bbox 1181 1625 1426 1704; x_wconf 78' lang='lat' dir='ltr'>reclamationes,</span> <span class='ocrx_word' id='word_1_134' title='bbox 1442 1626 1472 1688; x_wconf 89' lang='lat' dir='ltr'>et</span> 
     </span>
     <span class='ocr_line' id='line_1_16' title="bbox 233 1707 1473 1795; baseline -0.002 -17"><span class='ocrx_word' id='word_1_135' title='bbox 233 1710 504 1795; x_wconf 83' lang='lat' dir='ltr'>expostulationes,</span> <span class='ocrx_word' id='word_1_136' title='bbox 516 1711 552 1774; x_wconf 91' lang='lat' dir='ltr'>ut</span> <span class='ocrx_word' id='word_1_137' title='bbox 563 1707 741 1792; x_wconf 90' lang='lat' dir='ltr'>hujusmodi</span> <span class='ocrx_word' id='word_1_138' title='bbox 752 1709 801 1774; x_wconf 86' lang='grc'>111</span> <span class='ocrx_word' id='word_1_139' title='bbox 812 1728 969 1793; x_wconf 90' lang='lat' dir='ltr'>nunquam</span> <span class='ocrx_word' id='word_1_140' title='bbox 981 1709 1227 1778; x_wconf 86' lang='lat' dir='ltr'>locumhaberet.</span> <span class='ocrx_word' id='word_1_141' title='bbox 1242 1712 1347 1794; x_wconf 88' lang='lat' dir='ltr'>Atque</span> <span class='ocrx_word' id='word_1_142' title='bbox 1354 1713 1473 1776; x_wconf 91' lang='lat' dir='ltr'>utinam</span> 
     </span>
     <span class='ocr_line' id='line_1_17' title="bbox 233 1795 1472 1879; baseline -0.002 -15"><span class='ocrx_word' id='word_1_143' title='bbox 233 1799 294 1864; x_wconf 88' lang='lat' dir='ltr'>hae</span> <span class='ocrx_word' id='word_1_144' title='bbox 315 1797 473 1864; x_wconf 86' lang='lat' dir='ltr'>occasione</span> <span class='ocrx_word' id='word_1_145' title='bbox 497 1795 661 1862; x_wconf 88' lang='lat' dir='ltr'>abstinere.</span> <span class='ocrx_word' id='word_1_146' title='bbox 706 1797 771 1861; x_wconf 87' lang='lat' dir='ltr'>Nos</span> <span class='ocrx_word' id='word_1_147' title='bbox 791 1815 963 1879; x_wconf 88' lang='lat' dir='ltr'>possemus,</span> <span class='ocrx_word' id='word_1_148' title='bbox 992 1797 1190 1862; x_wconf 90' lang='lat' dir='ltr'>Venerabiles</span> <span class='ocrx_word' id='word_1_149' title='bbox 1216 1799 1359 1878; x_wconf 82' lang='lat' dir='ltr'>Fratres,</span> <span class='ocrx_word' id='word_1_150' title='bbox 1382 1799 1472 1862; x_wconf 89' lang='lat' dir='ltr'>alu-</span> 
     </span>
     <span class='ocr_line' id='line_1_18' title="bbox 233 1882 1473 1970; baseline -0.003 -18"><span class='ocrx_word' id='word_1_151' title='bbox 233 1884 343 1970; x_wconf 85' lang='lat' dir='ltr'>gendis</span> <span class='ocrx_word' id='word_1_152' title='bbox 365 1882 559 1967; x_wconf 87' lang='lat' dir='ltr'>grauissimis</span> <span class='ocrx_word' id='word_1_153' title='bbox 582 1882 672 1946; x_wconf 90' lang='lat' dir='ltr'>malis</span> <span class='ocrx_word' id='word_1_154' title='bbox 695 1884 727 1948; x_wconf 91' lang='lat' dir='ltr'>et</span> <span class='ocrx_word' id='word_1_155' title='bbox 748 1882 881 1961; x_wconf 87' lang='lat' dir='ltr'>damnis,</span> <span class='ocrx_word' id='word_1_156' title='bbox 906 1883 1017 1966; x_wconf 89' lang='lat' dir='ltr'>quibus</span> <span class='ocrx_word' id='word_1_157' title='bbox 1032 1883 1230 1949; x_wconf 87' lang='lat' dir='ltr'>sanctissima</span> <span class='ocrx_word' id='word_1_158' title='bbox 1245 1885 1350 1950; x_wconf 88' lang='lat' dir='ltr'>nostra</span> <span class='ocrx_word' id='word_1_159' title='bbox 1365 1885 1473 1968; x_wconf 89' lang='lat' dir='ltr'>religio</span> 
     </span>
     <span class='ocr_line' id='line_1_19' title="bbox 234 1966 1474 2054; baseline -0.002 -18"><span class='ocrx_word' id='word_1_160' title='bbox 234 1989 316 2045; x_wconf 88' lang='lat' dir='ltr'>nunc</span> <span class='ocrx_word' id='word_1_161' title='bbox 338 1970 371 2034; x_wconf 92' lang='lat' dir='ltr'>in</span> <span class='ocrx_word' id='word_1_162' title='bbox 393 1969 566 2036; x_wconf 73' lang='lat' dir='ltr'>Aaaaaco</span> <span class='ocrx_word' id='word_1_163' title='bbox 587 1966 682 2034; x_wconf 75' lang='lat' dir='ltr'>caca</span> <span class='ocrx_word' id='word_1_164' title='bbox 704 1969 844 2052; x_wconf 81' lang='lat' dir='ltr'>Imperio</span> <span class='ocrx_word' id='word_1_165' title='bbox 865 1975 894 2036; x_wconf 86' lang='grc'>11</span> <span class='ocrx_word' id='word_1_166' title='bbox 914 1969 1105 2052; x_wconf 79' lang='lat' dir='ltr'>Haaqorr&#39;oe</span> <span class='ocrx_word' id='word_1_167' title='bbox 1127 1971 1235 2054; x_wconf 75' lang='lat' dir='ltr'>Regae</span> <span class='ocrx_word' id='word_1_168' title='bbox 1265 1970 1474 2036; x_wconf 89' lang='lat' dir='ltr'>miserandum</span> 
     </span>
     <span class='ocr_line' id='line_1_20' title="bbox 233 2055 1473 2141; baseline -0.001 -18"><span class='ocrx_word' id='word_1_169' title='bbox 233 2059 267 2124; x_wconf 91' lang='lat' dir='ltr'>in</span> <span class='ocrx_word' id='word_1_170' title='bbox 288 2055 415 2122; x_wconf 89' lang='lat' dir='ltr'>modum</span> <span class='ocrx_word' id='word_1_171' title='bbox 437 2055 589 2140; x_wconf 87' lang='lat' dir='ltr'>affligitur</span> <span class='ocrx_word' id='word_1_172' title='bbox 611 2073 648 2120; x_wconf 86' lang='lat' dir='ltr'>ac</span> <span class='ocrx_word' id='word_1_173' title='bbox 669 2055 841 2122; x_wconf 74' lang='lat' dir='ltr'>divertatur.</span> <span class='ocrx_word' id='word_1_174' title='bbox 887 2056 1029 2122; x_wconf 87' lang='lat' dir='ltr'>Notitiae</span> <span class='ocrx_word' id='word_1_175' title='bbox 1052 2058 1174 2137; x_wconf 89' lang='lat' dir='ltr'>autem,</span> <span class='ocrx_word' id='word_1_176' title='bbox 1204 2077 1282 2141; x_wconf 89' lang='lat' dir='ltr'>quae</span> <span class='ocrx_word' id='word_1_177' title='bbox 1305 2058 1343 2122; x_wconf 90' lang='lat' dir='ltr'>de</span> <span class='ocrx_word' id='word_1_178' title='bbox 1365 2057 1473 2122; x_wconf 89' lang='lat' dir='ltr'>Eccle-</span> 
     </span>
     <span class='ocr_line' id='line_1_21' title="bbox 233 2142 1475 2226; baseline -0.002 -15"><span class='ocrx_word' id='word_1_179' title='bbox 233 2145 299 2212; x_wconf 88' lang='lat' dir='ltr'>siae</span> <span class='ocrx_word' id='word_1_180' title='bbox 321 2143 413 2210; x_wconf 91' lang='lat' dir='ltr'>rebus</span> <span class='ocrx_word' id='word_1_181' title='bbox 433 2160 469 2207; x_wconf 84' lang='lat' dir='ltr'>ex</span> <span class='ocrx_word' id='word_1_182' title='bbox 490 2142 727 2223; x_wconf 75' lang='lat' dir='ltr'>Hispaniarum</span> <span class='ocrx_word' id='word_1_183' title='bbox 750 2143 859 2225; x_wconf 77' lang='lat' dir='ltr'>Reqao</span> <span class='ocrx_word' id='word_1_184' title='bbox 882 2143 921 2207; x_wconf 89' lang='lat' dir='ltr'>ad</span> <span class='ocrx_word' id='word_1_185' title='bbox 943 2143 1007 2208; x_wconf 88' lang='lat' dir='ltr'>Nos</span> <span class='ocrx_word' id='word_1_186' title='bbox 1030 2145 1225 2226; x_wconf 87' lang='lat' dir='ltr'>perveniunt,</span> <span class='ocrx_word' id='word_1_187' title='bbox 1255 2144 1374 2209; x_wconf 90' lang='lat' dir='ltr'>nullam</span> <span class='ocrx_word' id='word_1_188' title='bbox 1404 2163 1475 2208; x_wconf 92' lang='lat' dir='ltr'>oon-</span> 
     </span>
     <span class='ocr_line' id='line_1_22' title="bbox 233 2229 1359 2311; baseline -0.001 -13"><span class='ocrx_word' id='word_1_189' title='bbox 233 2231 427 2308; x_wconf 83' lang='lat' dir='ltr'>solationem,</span> <span class='ocrx_word' id='word_1_190' title='bbox 450 2229 642 2311; x_wconf 89' lang='lat' dir='ltr'>quinimmo</span> <span class='ocrx_word' id='word_1_191' title='bbox 664 2229 829 2294; x_wconf 84' lang='lat' dir='ltr'>tristitiam</span> <span class='ocrx_word' id='word_1_192' title='bbox 851 2229 883 2294; x_wconf 88' lang='grc'>11</span> <span class='ocrx_word' id='word_1_193' title='bbox 904 2247 1071 2294; x_wconf 87' lang='lat' dir='ltr'>moerorem</span> <span class='ocrx_word' id='word_1_194' title='bbox 1094 2232 1192 2297; x_wconf 92' lang='lat' dir='ltr'>Nobis</span> <span class='ocrx_word' id='word_1_195' title='bbox 1215 2231 1359 2297; x_wconf 90' lang='lat' dir='ltr'>afferunt.</span> 
     </span>
    </p>

    <p class='ocr_par' dir='ltr' id='par_1_4' title="bbox 233 2313 1574 3008">
     <span class='ocr_line' id='line_1_23' title="bbox 337 2313 1476 2405; baseline -0.001 -22"><span class='ocrx_word' id='word_1_196' title='bbox 337 2316 512 2384; x_wconf 82' lang='lat' dir='ltr'>Rassa&#39;cam</span> <span class='ocrx_word' id='word_1_197' title='bbox 532 2335 605 2380; x_wconf 83' lang='lat' dir='ltr'>cero</span> <span class='ocrx_word' id='word_1_198' title='bbox 627 2313 824 2405; x_wconf 79' lang='lat' dir='ltr'>Garberaiara</span> <span class='ocrx_word' id='word_1_199' title='bbox 845 2316 949 2400; x_wconf 89' lang='lat' dir='ltr'>pergit</span> <span class='ocrx_word' id='word_1_200' title='bbox 979 2317 1166 2384; x_wconf 87' lang='lat' dir='ltr'>catholicam</span> <span class='ocrx_word' id='word_1_201' title='bbox 1195 2319 1343 2383; x_wconf 90' lang='lat' dir='ltr'>insectari</span> <span class='ocrx_word' id='word_1_202' title='bbox 1370 2318 1476 2382; x_wconf 82' lang='grc'><strong>111111-</strong></span> 
     </span>
     <span class='ocr_line' id='line_1_24' title="bbox 234 2401 1574 2487; baseline -0.003 -15"><span class='ocrx_word' id='word_1_203' title='bbox 234 2405 322 2485; x_wconf 87' lang='lat' dir='ltr'>siam,</span> <span class='ocrx_word' id='word_1_204' title='bbox 347 2404 380 2470; x_wconf 91' lang='lat' dir='ltr'>et</span> <span class='ocrx_word' id='word_1_205' title='bbox 401 2403 441 2468; x_wconf 89' lang='lat' dir='ltr'>ub</span> <span class='ocrx_word' id='word_1_206' title='bbox 463 2402 605 2468; x_wconf 88' lang='lat' dir='ltr'>omuibus</span> <span class='ocrx_word' id='word_1_207' title='bbox 626 2401 690 2466; x_wconf 90' lang='lat' dir='ltr'>fere</span> <span class='ocrx_word' id='word_1_208' title='bbox 712 2401 911 2468; x_wconf 89' lang='lat' dir='ltr'>Dioeeesibus</span> <span class='ocrx_word' id='word_1_209' title='bbox 933 2420 1013 2482; x_wconf 90' lang='lat' dir='ltr'>suos,</span> <span class='ocrx_word' id='word_1_210' title='bbox 1037 2403 1067 2468; x_wconf 87' lang='lat' dir='ltr'>vi</span> <span class='ocrx_word' id='word_1_211' title='bbox 1083 2405 1178 2470; x_wconf 88' lang='lat' dir='ltr'>etiarn</span> <span class='ocrx_word' id='word_1_212' title='bbox 1193 2404 1343 2482; x_wconf 89' lang='lat' dir='ltr'>adhibite,</span> <span class='ocrx_word' id='word_1_213' title='bbox 1367 2405 1476 2487; x_wconf 87' lang='lat' dir='ltr'>ejicere</span> <span class='ocrx_word' id='word_1_214' title='bbox 1573 2481 1574 2486; x_wconf 64' lang='lat'>,</span> 
     </span>
     <span class='ocr_line' id='line_1_25' title="bbox 233 2487 1479 2576; baseline -0.002 -20"><span class='ocrx_word' id='word_1_215' title='bbox 233 2492 416 2576; x_wconf 81' lang='lat' dir='ltr'>Episcopus,</span> <span class='ocrx_word' id='word_1_216' title='bbox 451 2507 562 2572; x_wconf 90' lang='lat' dir='ltr'>eosque</span> <span class='ocrx_word' id='word_1_217' title='bbox 585 2487 618 2552; x_wconf 92' lang='lat' dir='ltr'>in</span> <span class='ocrx_word' id='word_1_218' title='bbox 640 2488 766 2553; x_wconf 85' lang='lat' dir='ltr'>exilium</span> <span class='ocrx_word' id='word_1_219' title='bbox 788 2489 919 2571; x_wconf 85' lang='lat' dir='ltr'>pellere,</span> <span class='ocrx_word' id='word_1_220' title='bbox 952 2490 1195 2574; x_wconf 88' lang='lat' dir='ltr'>preptereaquod</span> <span class='ocrx_word' id='word_1_221' title='bbox 1223 2490 1342 2556; x_wconf 84' lang='lat' dir='ltr'>Christi</span> <span class='ocrx_word' id='word_1_222' title='bbox 1371 2491 1423 2555; x_wconf 93' lang='lat' dir='ltr'>hie</span> <span class='ocrx_word' id='word_1_223' title='bbox 1443 2492 1479 2555; x_wconf 90' lang='lat' dir='ltr'>in</span> 
     </span>
     <span class='ocr_line' id='line_1_26' title="bbox 234 2575 1478 2660; baseline -0.002 -16"><span class='ocrx_word' id='word_1_224' title='bbox 234 2578 326 2645; x_wconf 89' lang='lat' dir='ltr'>terris</span> <span class='ocrx_word' id='word_1_225' title='bbox 348 2576 465 2642; x_wconf 89' lang='lat' dir='ltr'>Vicarii</span> <span class='ocrx_word' id='word_1_226' title='bbox 486 2593 592 2640; x_wconf 88' lang='lat' dir='ltr'>rocem</span> <span class='ocrx_word' id='word_1_227' title='bbox 621 2592 657 2638; x_wconf 91' lang='lat' dir='ltr'>ao</span> <span class='ocrx_word' id='word_1_228' title='bbox 679 2575 843 2654; x_wconf 89' lang='lat' dir='ltr'>mandata,</span> <span class='ocrx_word' id='word_1_229' title='bbox 876 2577 969 2658; x_wconf 90' lang='lat' dir='ltr'>prout</span> <span class='ocrx_word' id='word_1_230' title='bbox 1002 2577 1132 2656; x_wconf 87' lang='lat' dir='ltr'>debent,</span> <span class='ocrx_word' id='word_1_231' title='bbox 1166 2577 1274 2643; x_wconf 92' lang='lat' dir='ltr'>audire</span> <span class='ocrx_word' id='word_1_232' title='bbox 1306 2579 1337 2642; x_wconf 92' lang='lat' dir='ltr'>et</span> <span class='ocrx_word' id='word_1_233' title='bbox 1370 2578 1478 2660; x_wconf 84' lang='lat' dir='ltr'>exequi</span> 
     </span>
     <span class='ocr_line' id='line_1_27' title="bbox 234 2661 1478 2748; baseline -0.003 -16"><span class='ocrx_word' id='word_1_234' title='bbox 234 2664 359 2742; x_wconf 87' lang='lat' dir='ltr'>volunt,</span> <span class='ocrx_word' id='word_1_235' title='bbox 393 2681 449 2728; x_wconf 91' lang='lat' dir='ltr'>neo</span> <span class='ocrx_word' id='word_1_236' title='bbox 484 2661 561 2726; x_wconf 91' lang='lat' dir='ltr'>sinit</span> <span class='ocrx_word' id='word_1_237' title='bbox 593 2661 715 2726; x_wconf 88' lang='lat' dir='ltr'>eosdem</span> <span class='ocrx_word' id='word_1_238' title='bbox 738 2662 903 2745; x_wconf 91' lang='lat' dir='ltr'>Episcopos</span> <span class='ocrx_word' id='word_1_239' title='bbox 927 2663 965 2728; x_wconf 89' lang='lat' dir='ltr'>ab</span> <span class='ocrx_word' id='word_1_240' title='bbox 988 2663 1052 2728; x_wconf 91' lang='lat' dir='ltr'>illis</span> <span class='ocrx_word' id='word_1_241' title='bbox 1075 2664 1202 2747; x_wconf 89' lang='lat' dir='ltr'>Imperii</span> <span class='ocrx_word' id='word_1_242' title='bbox 1224 2664 1337 2728; x_wconf 89' lang='lat' dir='ltr'>finibus</span> <span class='ocrx_word' id='word_1_243' title='bbox 1360 2664 1478 2748; x_wconf 86' lang='lat' dir='ltr'>egredi,</span> 
     </span>
     <span class='ocr_line' id='line_1_28' title="bbox 234 2748 1479 2834; baseline -0.002 -17"><span class='ocrx_word' id='word_1_244' title='bbox 234 2751 358 2817; x_wconf 89' lang='lat' dir='ltr'>etiamsi</span> <span class='ocrx_word' id='word_1_245' title='bbox 378 2749 513 2814; x_wconf 83' lang='lat' dir='ltr'>maxima</span> <span class='ocrx_word' id='word_1_246' title='bbox 535 2748 691 2812; x_wconf 87' lang='lat' dir='ltr'>Ecclesiae</span> <span class='ocrx_word' id='word_1_247' title='bbox 713 2749 835 2812; x_wconf 88' lang='lat' dir='ltr'>utilitas</span> <span class='ocrx_word' id='word_1_248' title='bbox 857 2748 891 2812; x_wconf 88' lang='lat' dir='ltr'>id</span> <span class='ocrx_word' id='word_1_249' title='bbox 913 2750 1036 2816; x_wconf 85' lang='lat' dir='ltr'>crumino</span> <span class='ocrx_word' id='word_1_250' title='bbox 1057 2751 1202 2833; x_wconf 89' lang='lat' dir='ltr'>postulet.</span> <span class='ocrx_word' id='word_1_251' title='bbox 1247 2752 1294 2816; x_wconf 87' lang='lat' dir='ltr'>Ao</span> <span class='ocrx_word' id='word_1_252' title='bbox 1320 2751 1422 2834; x_wconf 88' lang='lat' dir='ltr'>magis</span> <span class='ocrx_word' id='word_1_253' title='bbox 1445 2751 1479 2814; x_wconf 96' lang='lat' dir='ltr'>in</span> 
     </span>
     <span class='ocr_line' id='line_1_29' title="bbox 235 2834 1479 2918; baseline -0.001 -16"><span class='ocrx_word' id='word_1_254' title='bbox 235 2839 302 2903; x_wconf 85' lang='lat' dir='ltr'>dies</span> <span class='ocrx_word' id='word_1_255' title='bbox 336 2835 421 2902; x_wconf 90' lang='lat' dir='ltr'>omni</span> <span class='ocrx_word' id='word_1_256' title='bbox 453 2834 544 2900; x_wconf 90' lang='lat' dir='ltr'>modo</span> <span class='ocrx_word' id='word_1_257' title='bbox 575 2835 719 2917; x_wconf 88' lang='lat' dir='ltr'>impedit,</span> <span class='ocrx_word' id='word_1_258' title='bbox 753 2835 916 2918; x_wconf 90' lang='lat' dir='ltr'>quominus</span> <span class='ocrx_word' id='word_1_259' title='bbox 949 2835 998 2900; x_wconf 93' lang='lat' dir='ltr'>illi</span> <span class='ocrx_word' id='word_1_260' title='bbox 1017 2835 1125 2902; x_wconf 89' lang='lat' dir='ltr'>fideles</span> <span class='ocrx_word' id='word_1_261' title='bbox 1148 2857 1218 2902; x_wconf 91' lang='lat' dir='ltr'>cum</span> <span class='ocrx_word' id='word_1_262' title='bbox 1240 2838 1339 2903; x_wconf 90' lang='lat' dir='ltr'>Nobis</span> <span class='ocrx_word' id='word_1_263' title='bbox 1361 2839 1393 2902; x_wconf 90' lang='grc'>11</span> <span class='ocrx_word' id='word_1_264' title='bbox 1418 2836 1479 2902; x_wconf 90' lang='lat' dir='ltr'>hac</span> 
     </span>
     <span class='ocr_line' id='line_1_30' title="bbox 235 2920 1066 3008; baseline -0.006 -17"><span class='ocrx_word' id='word_1_265' title='bbox 235 2922 417 3008; x_wconf 88' lang='lat' dir='ltr'>Apostolica</span> <span class='ocrx_word' id='word_1_266' title='bbox 439 2920 518 2986; x_wconf 86' lang='lat' dir='ltr'>Sede</span> <span class='ocrx_word' id='word_1_267' title='bbox 540 2921 636 2986; x_wconf 89' lang='lat' dir='ltr'>libere</span> <span class='ocrx_word' id='word_1_268' title='bbox 659 2922 883 2986; x_wconf 88' lang='lat' dir='ltr'>eornmunicare</span> <span class='ocrx_word' id='word_1_269' title='bbox 906 2923 1030 3004; x_wconf 90' lang='lat' dir='ltr'>queant.</span> <span class='ocrx_word' id='word_1_270' title='bbox 1061 2947 1066 2956; x_wconf 94' lang='lat'>·</span> 
     </span>
    </p>

    <p class='ocr_par' dir='ltr' id='par_1_5' title="bbox 232 3007 1574 3702">
     <span class='ocr_line' id='line_1_31' title="bbox 330 3007 1480 3093; baseline 0 -19"><span class='ocrx_word' id='word_1_271' title='bbox 330 3007 399 3086; x_wconf 69' lang='lat' dir='ltr'>,Sed</span> <span class='ocrx_word' id='word_1_272' title='bbox 420 3009 502 3073; x_wconf 91' lang='grc'><strong>111111</strong></span> <span class='ocrx_word' id='word_1_273' title='bbox 517 3007 727 3092; x_wconf 85' lang='lat' dir='ltr'>gravissimas,</span> <span class='ocrx_word' id='word_1_274' title='bbox 751 3009 862 3090; x_wconf 91' lang='lat' dir='ltr'>quibus</span> <span class='ocrx_word' id='word_1_275' title='bbox 877 3027 1033 3088; x_wconf 84' lang='lat' dir='ltr'>vexamur,</span> <span class='ocrx_word' id='word_1_276' title='bbox 1057 3009 1228 3093; x_wconf 82' lang='lat' dir='ltr'>angustiae,</span> <span class='ocrx_word' id='word_1_277' title='bbox 1251 3030 1313 3076; x_wconf 91' lang='lat' dir='ltr'>non</span> <span class='ocrx_word' id='word_1_278' title='bbox 1328 3009 1480 3076; x_wconf 91' lang='lat' dir='ltr'>mediocri</span> 
     </span>
     <span class='ocr_line' id='line_1_32' title="bbox 235 3095 1481 3180; baseline -0.004 -15"><span class='ocrx_word' id='word_1_279' title='bbox 235 3099 318 3165; x_wconf 89' lang='lat' dir='ltr'>certe</span> <span class='ocrx_word' id='word_1_280' title='bbox 341 3095 451 3165; x_wconf 87' lang='lat' dir='ltr'>solatio</span> <span class='ocrx_word' id='word_1_281' title='bbox 473 3095 571 3160; x_wconf 90' lang='lat' dir='ltr'>Nobis</span> <span class='ocrx_word' id='word_1_282' title='bbox 593 3095 640 3160; x_wconf 89' lang='lat' dir='ltr'>est</span> <span class='ocrx_word' id='word_1_283' title='bbox 664 3095 828 3178; x_wconf 85' lang='lat' dir='ltr'>pastoralis</span> <span class='ocrx_word' id='word_1_284' title='bbox 851 3095 950 3174; x_wconf 84' lang='lat' dir='ltr'>zelus,</span> <span class='ocrx_word' id='word_1_285' title='bbox 982 3114 1174 3179; x_wconf 88' lang='lat' dir='ltr'>summopere</span> <span class='ocrx_word' id='word_1_286' title='bbox 1194 3097 1384 3174; x_wconf 88' lang='lat' dir='ltr'>laudandus,</span> <span class='ocrx_word' id='word_1_287' title='bbox 1418 3117 1481 3180; x_wconf 92' lang='lat' dir='ltr'>quo</span> 
     </span>
     <span class='ocr_line' id='line_1_33' title="bbox 234 3181 1574 3276; baseline -0.007 -21"><span class='ocrx_word' id='word_1_288' title='bbox 234 3202 392 3255; x_wconf 86' lang='lat' dir='ltr'>sacrorum</span> <span class='ocrx_word' id='word_1_289' title='bbox 414 3182 583 3248; x_wconf 86' lang='lat' dir='ltr'>Antist&#39;tes</span> <span class='ocrx_word' id='word_1_290' title='bbox 604 3201 670 3246; x_wconf 92' lang='lat' dir='ltr'>rem</span> <span class='ocrx_word' id='word_1_291' title='bbox 685 3181 869 3247; x_wconf 87' lang='lat' dir='ltr'>catholicam</span> <span class='ocrx_word' id='word_1_292' title='bbox 884 3183 1016 3247; x_wconf 89' lang='lat' dir='ltr'>viriliter</span> <span class='ocrx_word' id='word_1_293' title='bbox 1030 3183 1185 3262; x_wconf 91' lang='lat' dir='ltr'>tutantur,</span> <span class='ocrx_word' id='word_1_294' title='bbox 1208 3185 1240 3248; x_wconf 91' lang='lat' dir='ltr'>et</span> <span class='ocrx_word' id='word_1_295' title='bbox 1262 3184 1479 3250; x_wconf 87' lang='lat' dir='ltr'>sanctissimae</span> <span class='ocrx_word' id='word_1_296' title='bbox 1573 3233 1574 3276; x_wconf 23' lang='grc' dir='ltr'>ἦ</span> 
     </span>
     <span class='ocr_line' id='line_1_34' title="bbox 233 3268 1574 3352; baseline -0.003 -14"><span class='ocrx_word' id='word_1_297' title='bbox 233 3272 307 3338; x_wconf 90' lang='lat' dir='ltr'>fidei</span> <span class='ocrx_word' id='word_1_298' title='bbox 329 3271 452 3337; x_wconf 90' lang='lat' dir='ltr'>nostrae</span> <span class='ocrx_word' id='word_1_299' title='bbox 485 3269 636 3352; x_wconf 88' lang='lat' dir='ltr'>principie</span> <span class='ocrx_word' id='word_1_300' title='bbox 669 3268 794 3351; x_wconf 86' lang='lat' dir='ltr'>integra</span> <span class='ocrx_word' id='word_1_301' title='bbox 827 3287 948 3334; x_wconf 87' lang='lat' dir='ltr'>servare</span> <span class='ocrx_word' id='word_1_302' title='bbox 979 3270 1011 3334; x_wconf 91' lang='lat' dir='ltr'>et</span> <span class='ocrx_word' id='word_1_303' title='bbox 1036 3269 1193 3336; x_wconf 88' lang='lat' dir='ltr'>Ecclesiae</span> <span class='ocrx_word' id='word_1_304' title='bbox 1226 3271 1381 3336; x_wconf 88' lang='lat' dir='ltr'>unitatem</span> <span class='ocrx_word' id='word_1_305' title='bbox 1404 3289 1480 3352; x_wconf 91' lang='lat' dir='ltr'>pro·</span> <span class='ocrx_word' id='word_1_306' title='bbox 1573 3305 1574 3346; x_wconf 70' lang='lat'><em>3</em></span> 
     </span>
     <span class='ocr_line' id='line_1_35' title="bbox 233 3354 1475 3444; baseline -0.003 -21"><span class='ocrx_word' id='word_1_307' title='bbox 233 3375 372 3444; x_wconf 88' lang='lat' dir='ltr'>pugnare</span> <span class='ocrx_word' id='word_1_308' title='bbox 394 3355 583 3422; x_wconf 91' lang='lat' dir='ltr'>contendunt</span> <span class='ocrx_word' id='word_1_309' title='bbox 605 3354 750 3420; x_wconf 88' lang='lat' dir='ltr'>adversus</span> <span class='ocrx_word' id='word_1_310' title='bbox 772 3355 959 3438; x_wconf 91' lang='lat' dir='ltr'>multiplices</span> <span class='ocrx_word' id='word_1_311' title='bbox 988 3355 1118 3420; x_wconf 86' lang='lat' dir='ltr'>insidias</span> <span class='ocrx_word' id='word_1_312' title='bbox 1140 3358 1171 3421; x_wconf 90' lang='lat' dir='ltr'>et</span> <span class='ocrx_word' id='word_1_313' title='bbox 1193 3359 1335 3436; x_wconf 89' lang='lat' dir='ltr'>conatus,</span> <span class='ocrx_word' id='word_1_314' title='bbox 1359 3357 1475 3440; x_wconf 90' lang='lat' dir='ltr'>quibus</span> 
     </span>
     <span class='ocr_line' id='line_1_36' title="bbox 232 3443 1475 3529; baseline -0.004 -17"><span class='ocrx_word' id='word_1_315' title='bbox 232 3445 323 3529; x_wconf 84' lang='lat' dir='ltr'>impii</span> <span class='ocrx_word' id='word_1_316' title='bbox 344 3443 483 3510; x_wconf 91' lang='lat' dir='ltr'>homines</span> <span class='ocrx_word' id='word_1_317' title='bbox 505 3461 577 3508; x_wconf 91' lang='lat' dir='ltr'>suos</span> <span class='ocrx_word' id='word_1_318' title='bbox 599 3461 715 3506; x_wconf 90' lang='lat' dir='ltr'>errores</span> <span class='ocrx_word' id='word_1_319' title='bbox 736 3461 904 3525; x_wconf 86' lang='lat' dir='ltr'>propagare</span> <span class='ocrx_word' id='word_1_320' title='bbox 927 3443 1136 3508; x_wconf 89' lang='lat' dir='ltr'>connituntur.</span> <span class='ocrx_word' id='word_1_321' title='bbox 1180 3444 1226 3508; x_wconf 87' lang='lat' dir='ltr'>Aa</span> <span class='ocrx_word' id='word_1_322' title='bbox 1241 3445 1382 3509; x_wconf 89' lang='lat' dir='ltr'>futurum</span> <span class='ocrx_word' id='word_1_323' title='bbox 1398 3462 1475 3508; x_wconf 92' lang='lat' dir='ltr'>con·</span> 
     </span>
     <span class='ocr_line' id='line_1_37' title="bbox 233 3527 1477 3614; baseline -0.003 -16"><span class='ocrx_word' id='word_1_324' title='bbox 233 3533 369 3610; x_wconf 83' lang='lat' dir='ltr'>fidimus,</span> <span class='ocrx_word' id='word_1_325' title='bbox 392 3533 429 3596; x_wconf 92' lang='grc'>111</span> <span class='ocrx_word' id='word_1_326' title='bbox 440 3529 610 3596; x_wconf 71' lang='lat' dir='ltr'>‘universus</span> <span class='ocrx_word' id='word_1_327' title='bbox 632 3529 801 3594; x_wconf 89' lang='lat' dir='ltr'>catholicus</span> <span class='ocrx_word' id='word_1_328' title='bbox 824 3527 933 3594; x_wconf 78' lang='lat' dir='ltr'>Clesus</span> <span class='ocrx_word' id='word_1_329' title='bbox 954 3529 1089 3594; x_wconf 87' lang='lat' dir='ltr'>illustria</span> <span class='ocrx_word' id='word_1_330' title='bbox 1104 3529 1324 3614; x_wconf 89' lang='lat' dir='ltr'>Episcoporum</span> <span class='ocrx_word' id='word_1_331' title='bbox 1346 3548 1477 3596; x_wconf 91' lang='lat' dir='ltr'>suorum</span> 
     </span>
     <span class='ocr_line' id='line_1_38' title="bbox 235 3615 1574 3702; baseline -0.003 -16"><span class='ocrx_word' id='word_1_332' title='bbox 235 3619 374 3702; x_wconf 84' lang='lat' dir='ltr'>exempla</span> <span class='ocrx_word' id='word_1_333' title='bbox 395 3636 449 3700; x_wconf 90' lang='lat' dir='ltr'>pro</span> <span class='ocrx_word' id='word_1_334' title='bbox 472 3616 590 3684; x_wconf 86' lang='lat' dir='ltr'>uiribus</span> <span class='ocrx_word' id='word_1_335' title='bbox 611 3615 740 3692; x_wconf 88' lang='lat' dir='ltr'>imitari,</span> <span class='ocrx_word' id='word_1_336' title='bbox 763 3616 796 3680; x_wconf 92' lang='lat' dir='ltr'>et</span> <span class='ocrx_word' id='word_1_337' title='bbox 817 3615 969 3680; x_wconf 86' lang='lat' dir='ltr'>aemulari</span> <span class='ocrx_word' id='word_1_338' title='bbox 992 3616 1129 3681; x_wconf 89' lang='lat' dir='ltr'>conetur.</span> <span class='ocrx_word' id='word_1_339' title='bbox 1573 3675 1574 3682; x_wconf 74' lang='grc'>,</span> 
     </span>
    </p>

    <p class='ocr_par' dir='ltr' id='par_1_6' title="bbox 235 3699 1574 3964">
     <span class='ocr_line' id='line_1_39' title="bbox 339 3699 1574 3785; baseline -0.002 -16"><span class='ocrx_word' id='word_1_340' title='bbox 339 3705 470 3772; x_wconf 88' lang='lat' dir='ltr'>Interim</span> <span class='ocrx_word' id='word_1_341' title='bbox 491 3703 567 3769; x_wconf 88' lang='lat' dir='ltr'>istos</span> <span class='ocrx_word' id='word_1_342' title='bbox 590 3721 694 3768; x_wconf 91' lang='lat' dir='ltr'>omnes</span> <span class='ocrx_word' id='word_1_343' title='bbox 717 3700 847 3781; x_wconf 82' lang='lat' dir='ltr'>Christi,</span> <span class='ocrx_word' id='word_1_344' title='bbox 877 3701 1003 3785; x_wconf 91' lang='lat' dir='ltr'>ejusque</span> <span class='ocrx_word' id='word_1_345' title='bbox 1026 3699 1158 3768; x_wconf 84' lang='lat' dir='ltr'>Sanctae</span> <span class='ocrx_word' id='word_1_346' title='bbox 1187 3702 1344 3768; x_wconf 88' lang='lat' dir='ltr'>Ecclesiae</span> <span class='ocrx_word' id='word_1_347' title='bbox 1372 3703 1484 3768; x_wconf 88' lang='lat' dir='ltr'>hostes</span> <span class='ocrx_word' id='word_1_348' title='bbox 1573 3747 1574 3750; x_wconf 19' lang='grc' dir='ltr'><strong>κ</strong></span> 
     </span>
     <span class='ocr_line' id='line_1_40' title="bbox 235 3788 1485 3875; baseline -0.003 -18"><span class='ocrx_word' id='word_1_349' title='bbox 235 3791 332 3858; x_wconf 88' lang='lat' dir='ltr'>etiam</span> <span class='ocrx_word' id='word_1_350' title='bbox 354 3793 446 3875; x_wconf 91' lang='lat' dir='ltr'>atque</span> <span class='ocrx_word' id='word_1_351' title='bbox 469 3789 564 3856; x_wconf 84' lang='lat' dir='ltr'>etiarn</span> <span class='ocrx_word' id='word_1_352' title='bbox 584 3807 758 3867; x_wconf 91' lang='lat' dir='ltr'>monemus,</span> <span class='ocrx_word' id='word_1_353' title='bbox 784 3791 820 3853; x_wconf 88' lang='lat' dir='ltr'>ut</span> <span class='ocrx_word' id='word_1_354' title='bbox 850 3788 976 3853; x_wconf 89' lang='lat' dir='ltr'>tandem</span> <span class='ocrx_word' id='word_1_355' title='bbox 998 3789 1157 3872; x_wconf 92' lang='lat' dir='ltr'>iliquando</span> <span class='ocrx_word' id='word_1_356' title='bbox 1180 3790 1259 3854; x_wconf 93' lang='lat' dir='ltr'>serio</span> <span class='ocrx_word' id='word_1_357' title='bbox 1282 3789 1485 3855; x_wconf 88' lang='lat' dir='ltr'>considerent</span> 
     </span>
     <span class='ocr_line' id='line_1_41' title="bbox 236 3875 1487 3964; baseline -0.003 -21"><span class='ocrx_word' id='word_1_358' title='bbox 236 3898 330 3964; x_wconf 91' lang='lat' dir='ltr'>quam</span> <span class='ocrx_word' id='word_1_359' title='bbox 351 3877 500 3944; x_wconf 89' lang='lat' dir='ltr'>terribilis</span> <span class='ocrx_word' id='word_1_360' title='bbox 522 3877 564 3942; x_wconf 90' lang='grc'>111</span> <span class='ocrx_word' id='word_1_361' title='bbox 579 3876 663 3940; x_wconf 90' lang='lat' dir='ltr'>Deus</span> <span class='ocrx_word' id='word_1_362' title='bbox 684 3875 718 3939; x_wconf 94' lang='lat' dir='ltr'>in</span> <span class='ocrx_word' id='word_1_363' title='bbox 740 3875 814 3953; x_wconf 85' lang='grc'><strong>11111,</strong></span> <span class='ocrx_word' id='word_1_364' title='bbox 837 3875 964 3959; x_wconf 88' lang='lat' dir='ltr'>ejusque</span> <span class='ocrx_word' id='word_1_365' title='bbox 979 3875 1136 3940; x_wconf 91' lang='lat' dir='ltr'>Ecclesiae</span> <span class='ocrx_word' id='word_1_366' title='bbox 1158 3875 1299 3941; x_wconf 91' lang='lat' dir='ltr'>hostibus</span> <span class='ocrx_word' id='word_1_367' title='bbox 1314 3875 1487 3959; x_wconf 90' lang='lat' dir='ltr'>puniendis</span> 
     </span>
    </p>
   </div>
   <div class='ocr_carea' id='block_1_3' title="bbox 238 3961 1574 4042">
    <p class='ocr_par' dir='ltr' id='par_1_7' title="bbox 238 3961 1574 4042">
     <span class='ocr_line' id='line_1_42' title="bbox 238 3961 1574 4042; baseline -0.006 -9"><span class='ocrx_word' id='word_1_368' title='bbox 238 3983 240 3988; x_wconf 90' lang='grc'><strong><em>·</em></strong></span> <span class='ocrx_word' id='word_1_369' title='bbox 339 3967 404 4032; x_wconf 84' lang='grc'><strong>1111</strong></span> <span class='ocrx_word' id='word_1_370' title='bbox 426 3966 532 4032; x_wconf 90' lang='lat' dir='ltr'>autem</span> <span class='ocrx_word' id='word_1_371' title='bbox 553 3982 614 4028; x_wconf 92' lang='lat' dir='ltr'>non</span> <span class='ocrx_word' id='word_1_372' title='bbox 636 3961 832 4040; x_wconf 89' lang='lat' dir='ltr'>desistamus,</span> <span class='ocrx_word' id='word_1_373' title='bbox 855 3961 1054 4028; x_wconf 87' lang='lat' dir='ltr'>Venerabiles</span> <span class='ocrx_word' id='word_1_374' title='bbox 1072 3963 1207 4042; x_wconf 82' lang='lat' dir='ltr'>Fratres,</span> <span class='ocrx_word' id='word_1_375' title='bbox 1230 3962 1487 4040; x_wconf 82' lang='lat' dir='ltr'>ferventissimis,</span> <span class='ocrx_word' id='word_1_376' title='bbox 1573 4019 1574 4026; x_wconf 75' lang='grc'>,</span> 
     </span>
    </p>
   </div>
   <div class='ocr_carea' id='block_1_4' title="bbox 233 4047 1574 4484">
    <p class='ocr_par' dir='ltr' id='par_1_8' title="bbox 233 4047 1574 4484">
     <span class='ocr_line' id='line_1_43' title="bbox 235 4047 1574 4136; baseline -0.004 -19"><span class='ocrx_word' id='word_1_377' title='bbox 235 4051 479 4136; x_wconf 90' lang='lat' dir='ltr'>humillimisque</span> <span class='ocrx_word' id='word_1_378' title='bbox 500 4049 642 4134; x_wconf 89' lang='lat' dir='ltr'>precibus</span> <span class='ocrx_word' id='word_1_379' title='bbox 674 4047 956 4114; x_wconf 88' lang='lat' dir='ltr'>misericordiarum</span> <span class='ocrx_word' id='word_1_380' title='bbox 978 4049 1107 4114; x_wconf 88' lang='lat' dir='ltr'>Patrem</span> <span class='ocrx_word' id='word_1_381' title='bbox 1137 4068 1223 4114; x_wconf 90' lang='lat' dir='ltr'>orare</span> <span class='ocrx_word' id='word_1_382' title='bbox 1254 4051 1285 4113; x_wconf 91' lang='lat' dir='ltr'>et</span> <span class='ocrx_word' id='word_1_383' title='bbox 1308 4049 1487 4126; x_wconf 89' lang='lat' dir='ltr'>obsecrare,</span> <span class='ocrx_word' id='word_1_384' title='bbox 1573 4121 1574 4126; x_wconf 47' lang='lat'>.</span> 
     </span>
     <span class='ocr_line' id='line_1_44' title="bbox 236 4133 1574 4218; baseline -0.004 -14"><span class='ocrx_word' id='word_1_385' title='bbox 236 4140 273 4204; x_wconf 91' lang='lat' dir='ltr'>ut</span> <span class='ocrx_word' id='word_1_386' title='bbox 307 4157 411 4204; x_wconf 91' lang='lat' dir='ltr'>omnes</span> <span class='ocrx_word' id='word_1_387' title='bbox 443 4139 572 4202; x_wconf 89' lang='lat' dir='ltr'>miseros</span> <span class='ocrx_word' id='word_1_388' title='bbox 602 4136 740 4201; x_wconf 87' lang='lat' dir='ltr'>errantes</span> <span class='ocrx_word' id='word_1_389' title='bbox 774 4133 811 4198; x_wconf 91' lang='lat' dir='ltr'>de</span> <span class='ocrx_word' id='word_1_390' title='bbox 845 4134 1026 4218; x_wconf 87' lang='lat' dir='ltr'>perditionis</span> <span class='ocrx_word' id='word_1_391' title='bbox 1048 4135 1100 4200; x_wconf 87' lang='lat' dir='ltr'>ria</span> <span class='ocrx_word' id='word_1_392' title='bbox 1122 4134 1161 4200; x_wconf 91' lang='lat' dir='ltr'>ad</span> <span class='ocrx_word' id='word_1_393' title='bbox 1184 4136 1303 4200; x_wconf 91' lang='lat' dir='ltr'>rectum</span> <span class='ocrx_word' id='word_1_394' title='bbox 1325 4136 1488 4214; x_wconf 86' lang='lat' dir='ltr'>veritatis,</span> <span class='ocrx_word' id='word_1_395' title='bbox 1573 4141 1574 4148; x_wconf 78' lang='grc'>’</span> 
     </span>
     <span class='ocr_line' id='line_1_45' title="bbox 233 4221 1489 4311; baseline -0.004 -20"><span class='ocrx_word' id='word_1_396' title='bbox 233 4225 394 4311; x_wconf 87' lang='lat' dir='ltr'>justitiae,</span> <span class='ocrx_word' id='word_1_397' title='bbox 422 4225 592 4307; x_wconf 90' lang='lat' dir='ltr'>salutisque</span> <span class='ocrx_word' id='word_1_398' title='bbox 621 4221 782 4287; x_wconf 88' lang='lat' dir='ltr'>tramitem</span> <span class='ocrx_word' id='word_1_399' title='bbox 804 4221 945 4301; x_wconf 88' lang='lat' dir='ltr'>reducat,</span> <span class='ocrx_word' id='word_1_400' title='bbox 977 4223 1072 4305; x_wconf 89' lang='lat' dir='ltr'>utque</span> <span class='ocrx_word' id='word_1_401' title='bbox 1098 4221 1284 4287; x_wconf 89' lang='lat' dir='ltr'>catholicam</span> <span class='ocrx_word' id='word_1_402' title='bbox 1307 4222 1489 4286; x_wconf 89' lang='lat' dir='ltr'>Ecclesiam</span> 
     </span>
     <span class='ocr_line' id='line_1_46' title="bbox 236 4307 1491 4396; baseline -0.005 -18"><span class='ocrx_word' id='word_1_403' title='bbox 236 4313 350 4396; x_wconf 91' lang='lat' dir='ltr'>ubique</span> <span class='ocrx_word' id='word_1_404' title='bbox 380 4315 533 4377; x_wconf 89' lang='lat' dir='ltr'>terrarum</span> <span class='ocrx_word' id='word_1_405' title='bbox 562 4309 648 4376; x_wconf 88' lang='lat' dir='ltr'>noris</span> <span class='ocrx_word' id='word_1_406' title='bbox 677 4327 713 4374; x_wconf 90' lang='lat' dir='ltr'>ac</span> <span class='ocrx_word' id='word_1_407' title='bbox 735 4307 994 4392; x_wconf 89' lang='lat' dir='ltr'>splendidioribus</span> <span class='ocrx_word' id='word_1_408' title='bbox 1019 4309 1187 4392; x_wconf 88' lang='lat' dir='ltr'>triumphis</span> <span class='ocrx_word' id='word_1_409' title='bbox 1218 4307 1355 4391; x_wconf 90' lang='lat' dir='ltr'>quotidie</span> <span class='ocrx_word' id='word_1_410' title='bbox 1377 4309 1491 4392; x_wconf 87' lang='lat' dir='ltr'>magis</span> 
     </span>
     <span class='ocr_line' id='line_1_47' title="bbox 238 4399 562 4484; baseline -0.003 -19"><span class='ocrx_word' id='word_1_411' title='bbox 238 4400 362 4466; x_wconf 85' lang='lat' dir='ltr'>exornet</span> <span class='ocrx_word' id='word_1_412' title='bbox 382 4400 415 4464; x_wconf 92' lang='grc'>11</span> <span class='ocrx_word' id='word_1_413' title='bbox 438 4399 562 4484; x_wconf 85' lang='lat' dir='ltr'>augeat.</span> 
     </span>
    </p>
   </div>
   <div class='ocr_carea' id='block_1_5' title="bbox 656 4553 1065 4598">
    <p class='ocr_par' dir='ltr' id='par_1_9' title="bbox 656 4553 1065 4598">
     <span class='ocr_line' id='line_1_48' title="bbox 656 4553 1065 4598; baseline 0.007 -6"><span class='ocrx_word' id='word_1_414' title='bbox 656 4553 1065 4598; x_wconf 48' lang='lat' dir='ltr'>maeandrum*</span> 
     </span>
    </p>
   </div>
   <div class='ocr_carea' id='block_1_6' title="bbox 483 4691 1226 4754">
    <p class='ocr_par' dir='ltr' id='par_1_10' title="bbox 483 4691 1226 4754">
     <span class='ocr_line' id='line_1_49' title="bbox 483 4691 1226 4754; baseline -0.007 -11"><span class='ocrx_word' id='word_1_415' title='bbox 483 4691 633 4743; x_wconf 79' lang='lat' dir='ltr'>Reductiun:</span> <span class='ocrx_word' id='word_1_416' title='bbox 665 4693 795 4742; x_wconf 78' lang='lat' dir='ltr'>Professor</span> <span class='ocrx_word' id='word_1_417' title='bbox 810 4695 855 4740; x_wconf 90' lang='lat' dir='ltr'>Dr.</span> <span class='ocrx_word' id='word_1_418' title='bbox 871 4694 1003 4754; x_wconf 85' lang='lat' dir='ltr'>Verlag</span> <span class='ocrx_word' id='word_1_419' title='bbox 1019 4709 1050 4741; x_wconf 81' lang='lat' dir='ltr'>au</span> <span class='ocrx_word' id='word_1_420' title='bbox 1066 4693 1226 4753; x_wconf 83' lang='lat' dir='ltr'>Heidelberg.</span> 
     </span>
    </p>
   </div>
   <div class='ocr_carea' id='block_1_7' title="bbox 0 0 1608 5010">
    <p class='ocr_par' dir='ltr' id='par_1_11' title="bbox 0 0 1608 5010">
     <span class='ocr_line' id='line_1_50' title="bbox 0 0 1608 5010; baseline 0 0"><span class='ocrx_word' id='word_1_421' title='bbox 0 0 1608 5010; x_wconf 95' lang='lat' dir='ltr'> </span> 
     </span>
    </p>
   </div>
  </div>
 </body>
</html>
