3192 5008
235 299 299 368 340
365 317 487 390 vasaq,
505 319 596 383 nuno,
612 318 741 374 sennen
759 319 811 374 uno
828 320 955 376 wuneue
973 329 1032 374 zm
1050 321 1167 374 omnm.
1184 316 1279 371 coner.
1296 312 1352 377 (u.)

235 491 357 558 habers
403 490 491 558 Haec
511 509 567 558 nos
588 491 691 558 animo
712 489 891 572 recolentes,
913 489 989 576 quid
1009 488 1130 556 dulcius
1151 487 1208 555 aut
1224 486 1391 571 jucundius
1413 485 1479 550 hac

234 579 340 644 nemra
361 577 574 662 conjunctione
595 579 756 664 reputare,
789 579 865 661 quid
895 597 986 664 porro
1007 577 1103 644 etiam
1125 575 1245 642 firmius
1266 593 1303 640 ac
1325 572 1475 640 stabilius

234 665 316 730 tueri
337 663 523 734 debeamus?
566 667 636 733 Non
658 664 789 730 deerunt
810 668 892 733 certe
915 663 1021 745 Nobis,
1044 683 1106 730 una
1127 661 1201 728 licet
1222 661 1255 726 iu
1278 659 1397 726 Christi
1416 679 1477 724 no·
1572 679 1573 682 ¹

234 751 317 817 mine
340 750 527 836 conjunctis,
560 772 620 818 uon
653 751 782 819 deerunt
815 751 1072 820 contradictiones
1093 769 1129 816 ac
1161 748 1373 814 dimicationes
1396 747 1476 811 sub-
1572 809 1573 812 ,

234 837 363 913 eundae,
384 857 440 904 nec
460 839 604 906 inimicus
625 839 716 905 homo
738 840 842 924 segnis
864 840 938 919 erit,
966 838 1012 904 nil
1034 837 1134 922 magis
1151 835 1276 918 cupiens
1298 853 1393 918 quam
1416 853 1474 898 su-

234 923 440 1010 perseminare
473 927 605 1003 aiaania;
637 927 671 992 at
702 925 768 992 Nos
800 943 919 994 memor
983 925 1180 1008 apostolicae
1208 920 1408 1019 firmitudinis
1438 921 1476 985 et

235 1011 440 1093 constantiae,
472 1032 552 1099 quae
573 1012 698 1080 Domini
730 1013 890 1096 praeconio
925 1012 1034 1078 auderi
1061 1011 1194 1087 meruit,
1226 1028 1299 1075 »uos
1322 1008 1395 1074 estis
1417 1007 1475 1090 qui

234 1097 448 1184 permansistis
469 1120 588 1166 mecum
610 1099 643 1164 in
664 1098 889 1168 tentationibus
911 1099 1007 1166 meis«
1033 1098 1118 1182 (Luc.
1141 1098 1193 1176 22,
1216 1095 1297 1181 28),
1320 1113 1475 1160 memores

235 1185 449 1270 Redemptoris
472 1187 579 1254 Nostri
602 1186 716 1254 diserte
737 1186 950 1256 denunciantis
975 1185 1047 1270 »qui
1068 1203 1190 1250 mecum
1211 1202 1272 1248 uon
1294 1183 1342 1248 est
1364 1183 1474 1248 eontra
1574 1220 1575 1248 t

235 1292 284 1338 me
316 1274 402 1352 est,‹
438 1274 533 1340 officii
554 1273 671 1358 pariter
690 1274 800 1340 Nostri
820 1292 971 1341 memores
1003 1291 1070 1338 esse
1104 1271 1298 1350 debebimus,
1326 1269 1473 1352 omnique
1574 1281 1575 1352 l

238 1358 340 1426 studio
363 1377 489 1439 curare,
522 1363 559 1427 ut
589 1361 771 1426 inconeussa
790 1360 852 1428 tide
874 1380 910 1426 ac
940 1359 1090 1426 firmitate
1113 1357 1273 1424 Christum
1294 1375 1471 1441 sequamur,
1574 1355 1575 1380 l

235 1446 347 1530 Illique
369 1449 610 1532 omnitempore
632 1446 831 1516 mneordlbus
854 1447 965 1514 animis
987 1445 1219 1512 adhaereamus.
1262 1444 1299 1508 In
1319 1462 1355 1509 oa
1377 1443 1472 1520 enim,
1574 1511 1575 1520 ,

235 1533 301 1598 VV.
323 1531 395 1612 FF,
419 1533 591 1601 conditione
614 1533 778 1602 constituti
792 1554 908 1614 sumus,
930 1535 968 1600 ut
988 1533 1020 1598 in
1040 1532 1107 1599 acie
1120 1531 1267 1598 aduersus
1281 1529 1472 1614 multiplices

235 1619 416 1705 eosdemque
448 1622 612 1688 acerrimos
644 1621 766 1703 hostes,
797 1621 946 1688 diuturna
974 1619 1042 1704 jam
1074 1619 1268 1685 contentione
1301 1635 1471 1683 versemur.

234 1706 367 1774 Utamur
387 1710 509 1792 oportet
529 1707 743 1793 spiritualibus
772 1709 903 1774 militiae
924 1707 1056 1774 Nostrae
1078 1705 1190 1784 armis,
1219 1706 1378 1789 totamque
1400 1722 1471 1769 cer-

234 1793 362 1860 taminis
384 1795 457 1876 uim,
480 1796 549 1860 tum
571 1794 675 1860 divim
696 1795 793 1862 innixi
814 1794 1010 1874 auctoritate,
1031 1794 1101 1859 turn
1122 1792 1283 1871 caritatis,
1301 1790 1474 1875 patientiae

239 1880 424 1963 precationis
445 1883 476 1946 et
504 1882 697 1948 constantiae
725 1883 830 1968 clypeo
858 1882 1077 1948 sustineamus.
1119 1880 1210 1946 Nihil
1236 1880 1342 1944 autem
1370 1879 1475 1944 metus

239 1967 288 2032 est
309 1987 355 2034 ne
369 1968 451 2034 uires
470 1968 558 2035 uehis
578 1967 613 2034 in
639 1968 698 2034 hac
719 1967 916 2036 dimicatione
942 1966 1104 2047 deficiant,
1133 1969 1159 2032 si
1189 1966 1411 2032 inductorem
1440 1966 1475 2030 et
1576 2029 1577 2036 ,

236 2052 487 2122 consumatorem
509 2055 597 2121 Fidei
624 2057 748 2122 nostrae
773 2055 876 2124 oeulos
898 2055 1075 2138 animosque
1104 2053 1253 2138 conjicere
1275 2051 1473 2118 voluerimus.

237 2139 270 2208 Si
294 2140 375 2206 enim
398 2142 539 2226 Apostoli
561 2143 657 2208 oculis
679 2144 711 2208 et
741 2142 927 2228 cogitatione
956 2142 991 2208 in
1021 2141 1145 2207 Christo
1171 2140 1249 2207 Jssu
1275 2138 1366 2206 defixi
1394 2137 1473 2204 satis

236 2247 272 2293 ex
294 2227 352 2294 hoe
373 2229 469 2294 animi
490 2229 662 2313 uiriumque
684 2231 870 2309 sumserunt,
891 2231 929 2294 ut
950 2227 1078 2294 adversa
1098 2245 1236 2312 quaeque
1256 2226 1381 2292 strenus
1401 2244 1474 2308 per-

235 2315 362 2395 ferrent,
385 2316 450 2382 Nos
471 2316 589 2400 pariter
610 2318 716 2400 Ipsum
739 2317 943 2402 adspicientes
965 2315 998 2380 in
1019 2315 1149 2382 salutari
1170 2314 1298 2399 pignore
1319 2312 1473 2396 Redemp-

235 2401 330 2467 tionis
352 2404 493 2482 nostrae,
523 2423 558 2468 ex
580 2403 638 2469 hoo
658 2405 801 2487 aspectu,
822 2403 903 2468 unde
926 2402 1031 2468 divina
1053 2404 1160 2468 manat
1181 2401 1297 2479 virtus,
1326 2417 1381 2465 nos
1403 2419 1473 2465 eam

238 2487 301 2554 vim
322 2490 473 2573 roburque
495 2489 697 2570 inveniemus,
720 2510 779 2574 quo
802 2489 983 2568 calumnias,
1005 2488 1150 2573 injurias,
1172 2487 1367 2554 inimieorum
1388 2488 1473 2552 artes

237 2594 431 2659 superemus,
454 2595 491 2642 ae
513 2577 644 2643 salutem
667 2578 773 2658 nobis,
805 2577 914 2661 totque
947 2576 1042 2642 etiam
1074 2575 1194 2642 miseris
1217 2574 1305 2641 avio
1331 2574 1472 2640 veritatis

236 2662 409 2728 errantibus
443 2682 479 2728 ex
512 2663 629 2730 Christi
650 2663 746 2732 Oruce
779 2663 902 2744 haurire
934 2663 1129 2729 laetabimur.
1174 2663 1282 2744 Neque
1310 2680 1380 2728 uero
1410 2661 1473 2725 Ite·

237 2747 427 2832 demptorem
449 2749 598 2816 Nostrum
620 2751 769 2836 respicere
792 2751 939 2829 conteuti,
962 2769 1031 2816 eam
1054 2768 1173 2834 quoqne
1194 2748 1306 2816 mentis
1329 2747 1472 2814 docilita-

235 2836 299 2900 tem
321 2835 485 2904 induamus
505 2856 628 2904 neeesse
650 2841 707 2917 est,
729 2839 766 2904 ut
787 2835 898 2904 Eidem
918 2837 1051 2903 libenter
1073 2838 1139 2902 toto
1157 2835 1257 2902 cordis
1279 2835 1394 2902 affeetu
1414 2854 1472 2900 au·

236 2920 357 2988 dientes
380 2922 485 2990 simus.
528 2924 596 2989 Hoc
619 2925 667 2990 est
688 2925 770 2990 enim
802 2923 883 3008 quod
910 2925 975 3008 ipse
1001 2925 1097 2990 Pater
1124 2922 1266 2989 caelestis
1295 2922 1472 3006 Majestatis

236 3027 311 3074 suae
333 3009 519 3076 auctoritate
547 3011 721 3095 praecepit,
752 3030 823 3078 eum
851 3011 1008 3078 revelante
1030 3010 1155 3077 Christo
1180 3009 1309 3076 Domino
1339 3008 1470 3094 gloriam

238 3115 326 3162 ruam
358 3096 391 3162 in
425 3098 529 3164 monte
561 3099 717 3182 praecelso
750 3117 854 3166 coram
876 3098 982 3164 electis
1012 3097 1145 3164 testibus
1169 3097 1240 3161 »hic
1261 3099 1326 3176 est,
1359 3095 1470 3178 inquit,

235 3181 333 3248 Filius
356 3201 443 3250 meus
464 3184 597 3250 dilectus
626 3185 659 3250 in
681 3205 741 3268 quo
773 3185 852 3252 mihi
884 3185 961 3252 bene
992 3184 1163 3268 complacui
1194 3185 1300 3268 Ipsum
1333 3183 1468 3250 audite«

235 3270 344 3336 desum
366 3269 465 3355 igitur
486 3289 581 3355 prono
603 3273 717 3338 mentis
749 3272 893 3357 obsequio
925 3270 1089 3338 audiamus
1121 3271 1229 3354 utique
1261 3270 1295 3336 in
1321 3270 1405 3335 omni
1425 3289 1467 3340 re.

235 3358 269 3422 at
293 3357 326 3422 in
347 3376 384 3422 ea
404 3357 567 3442 praecipue
589 3378 681 3443 quam
695 3359 765 3444 Ipse
786 3361 833 3424 ita
852 3359 936 3426 cordi
957 3358 1078 3437 habuit,
1104 3363 1141 3422 ut
1161 3376 1364 3442 praenoscens
1386 3357 1469 3422 ditii-

235 3443 368 3510 cultates
399 3444 509 3528 quibus
541 3445 609 3528 ipsa
641 3446 769 3512 obnoxia
790 3447 898 3513 futura
919 3447 999 3512 esset
1021 3445 1054 3510 in
1077 3444 1208 3523 mundo,
1242 3445 1279 3511 de
1311 3443 1367 3510 illa
1399 3443 1468 3528 ipsa

207 3539 209 3546 “
234 3532 359 3598 Patrem
382 3549 472 3598 suum
493 3531 650 3598 obsecrare
671 3533 704 3598 in
726 3533 892 3599 nouissima
913 3532 1016 3600 Caena
1046 3532 1151 3598 edusis
1178 3531 1360 3616 iteratisque
1388 3533 1450 3598 vot'

235 3637 296 3684 non
319 3617 470 3686 omiserit:
495 3619 608 3684 »Pater
630 3617 752 3697 Sancte,
774 3639 863 3686 serua
885 3639 935 3686 eos
963 3619 997 3684 in
1025 3619 1148 3686 nomine
1176 3620 1231 3684 tuo
1257 3637 1333 3703 quos
1355 3617 1470 3684 dedisti

234 3703 328 3782 mihi,
351 3705 388 3770 ut
410 3703 474 3770 sint
496 3724 590 3771 unum
614 3706 695 3772 sicut
717 3707 800 3772 Nos<
826 3707 929 3787 (Joan.
953 3707 1004 3786 17,
1027 3707 1101 3782 IL).
1145 3706 1214 3772 Una
1234 3705 1340 3788 itaque
1365 3705 1469 3770 anima

202 3838 208 3848 .
235 3811 304 3856 cum
327 3809 387 3856 uuo
410 3791 499 3858 eorde
522 3792 554 3858 in
578 3791 701 3858 Christo
723 3794 801 3860 Jesu
822 3794 864 3859 sit
889 3793 1017 3858 cunetis.
1062 3793 1133 3859 Non
1161 3791 1246 3858 aliud
1276 3811 1348 3858 sane
1370 3791 1468 3858 Nobis

233 3877 345 3960 majori
366 3878 566 3944 consolationi
587 3880 728 3946 futurum
750 3881 798 3946 est
819 3899 913 3964 quam
936 3880 963 3945 si
977 3879 1195 3964 obsequentem
1211 3878 1328 3944 Christi
1342 3879 1468 3944 monitis

232 3983 338 4030 aurem
360 3965 460 4030 cordis
478 3966 598 4051 jugiter
612 3967 853 4050 praebuerimus,
877 3986 937 4051 quo
951 3968 1042 4050 paeto
1057 3968 1090 4032 et
1104 3985 1159 4031 nos
1174 3985 1240 4032 esse
1255 3985 1326 4032 cum
1342 3964 1467 4031 Christo

232 4069 443 4136 agnoscemus,
467 4054 498 4118 et
520 4054 714 4137 perspicuum
737 4055 879 4119 aeternae
902 4053 1013 4120 salutis
1036 4054 1148 4138 pignus
1166 4052 1265 4118 inesse
1280 4052 1466 4136 reperiemus

233 4137 265 4202 in
287 4137 391 4203 nohis:
418 4139 489 4223 »qui
512 4139 593 4206 enim
616 4159 654 4206 er,
673 4141 739 4207 Dee
761 4142 808 4207 est
830 4141 925 4207 verba
947 4141 1007 4207 Dei
1028 4140 1133 4206 audit«
1159 4139 1262 4223 (Joan.
1284 4141 1317 4218 8,
1338 4139 1416 4224 47.).

333 4241 400 4308 Has
422 4243 603 4310 Pontificius
624 4243 757 4311 Nostrae
790 4243 1011 4310 cohortationis
1043 4262 1133 4310 voces
1166 4261 1201 4308 ex
1235 4243 1345 4308 intimo
1376 4243 1464 4308 corde

233 4329 444 4412 depromptas,
475 4329 675 4414 Omnipotens
702 4331 734 4396 et
756 4330 939 4398 Misericors.
983 4331 1084 4410 Deus,
1106 4329 1240 4414 Deipara
1261 4330 1466 4396 Immaculata

231 4416 423 4498 deprecante,
446 4416 565 4500 potenti
587 4435 644 4482 sua
665 4437 721 4501 ope
744 4418 913 4496 confirmet,
936 4417 1111 4501 efficiatque
1130 4417 1291 4502 propitius,
1313 4418 1351 4482 ut
1365 4417 1466 4482 uberi·

233 4503 289 4568 bus
312 4502 464 4570 trictibus
498 4505 682 4588 augeantur.
727 4503 897 4571 Convertat
924 4504 1034 4570 deinde
1066 4503 1176 4571 faciem
1209 4522 1298 4570 suam
1331 4503 1371 4568 ad
1394 4503 1465 4584 Vos,
1578 4523 1579 4528 ’

232 4589 298 4656 Vll.
321 4591 400 4670 dh,
423 4609 459 4657 ao
480 4591 549 4655 tum
579 4609 706 4675 corpora
738 4593 805 4658 turn
840 4590 958 4658 animos
989 4590 1108 4658 vestros
1138 4589 1361 4661 benedictionis
1392 4607 1466 4657 suae

231 4675 336 4761 gratia
356 4678 573 4763 prosequatur:
602 4696 728 4762 corpore
748 4697 875 4762 nempe,
899 4679 935 4744 ut
955 4677 1075 4745 labores
1096 4697 1218 4761 omues,
1249 4677 1303 4763 qui
1324 4695 1344 4746 a
1364 4677 1465 4746 restro
