3192 5008
2 1515 5 1606 ᾗ

207 279 271 348 302
315 293 473 362 Bittafclrt
492 297 574 348 tntw.
592 295 730 348 deutscher
748 294 874 346 Bisohhte.
885 279 932 346 auf
948 295 988 348 dte
1010 295 1039 350 17
1057 295 1157 360 Fragen
1176 296 1223 350 der
1241 295 1335 358 congr.
1355 297 1450 349 concil.

285 469 445 547 ¹diuisum,
478 467 588 554 cuique
621 466 843 550 inspectoratui
876 465 1027 550 parochus
1064 465 1175 548 ahquis
1209 467 1291 537 cath,
1327 469 1450 558 alleg.

295 572 451 639 Gubernio
485 571 618 656 praeviis
651 589 721 636 cum
755 571 904 654 Episcopo
941 570 1078 636 consiliis
1112 572 1228 636 habitis
1260 573 1450 656 praeficitur.

294 677 401 766 Etiam
422 676 455 740 hi
477 677 626 758 tauquam
651 675 861 740 Commissarii
884 676 1071 759 episcopales
1092 677 1273 760 quotanniS,
1296 677 1452 744 visitatio·

293 781 383 849 nibus
417 779 591 846 scholarum
615 779 780 858 confectis,
811 779 851 843 ad
879 779 1022 864 Episcopi
1045 780 1170 846 curiam,
1196 780 1344 846 referunt.
1401 783 1451 846 hd

295 903 543 968 unamquamque
566 883 664 948 talem
686 883 931 966 explanationem
954 883 1104 966 rescripta
1120 884 1306 968 episcopalia
1328 885 1451 965 dantur,

295 991 407 1074 quihus
421 991 452 1054 et
469 988 595 1074 parochi
618 988 649 1054 et
671 987 882 1072 ludimagistri
894 976 962 1052 tuni
985 988 1164 1067 laudantur,
1187 989 1407 1054 confirmantur
1421 994 1452 1056 et

295 1094 486 1171 excitantur,
509 1095 578 1157 tum
601 1081 815 1176 corriguntur,
845 1091 1051 1176 corripiuntur
1075 1095 1106 1164 et
1129 1095 1338 1179 castigantur,
1361 1097 1453 1178 prout

293 1218 342 1264 res
364 1199 508 1282 cognitae
531 1197 706 1279 exposcunt.

227 1305 272 1388 ·5)
295 1302 424 1370 Scholae
453 1302 655 1366 elementares
684 1302 758 1366 sunt
780 1300 1034 1378 confessionales‚
1067 1319 1126 1366 non
1150 1303 1358 1368 communales
1380 1303 1400 1370 i.
1426 1325 1451 1369 e.

295 1406 443 1472 confessio
467 1425 606 1488 quaeque
628 1405 774 1488 religiosa
797 1405 935 1487 proprias
962 1405 1057 1470 habet
1087 1405 1216 1471 scholas.
1263 1407 1381 1472 Eadem
1403 1427 1453 1471 ra-

184 1578 186 1582 ,
229 1569 230 1576 ,
296 1512 381 1588 tione
414 1511 511 1575 etiarn
544 1527 699 1576 summum
731 1507 892 1572 catholicis
925 1507 1038 1572 scholis
1072 1511 1280 1592 praepositum
1314 1511 1453 1594 regimen

216 1649 238 1688 μ
296 1614 457 1704 catholicis
480 1613 606 1678 tantum
627 1611 712 1688 viria,
735 1612 816 1676 inter
832 1630 907 1696 quos
922 1612 987 1676 tres
1003 1615 1075 1676 sunt
1091 1614 1276 1692 sacerdotes
1301 1615 1451 1681 consistit.

208 1773 211 1781 ,
239 1723 271 1802 o)
294 1721 376 1786 Ante
391 1717 555 1784 nonnullos
577 1735 672 1784 annos
695 1717 771 1800 Eeg.
789 1715 990 1794 (iubernium,
1014 1736 1085 1782 cunr
1109 1738 1222 1783 novum
1243 1719 1369 1798 librum,
1392 1740 1452 1803 quo

299 1825 386 1908 pueri
413 1825 446 1887 et
472 1821 593 1904 puellae
624 1821 868 1910 instruerentur,
900 1819 932 1884 in
959 1821 1079 1886 scholas
1102 1823 1246 1889 inducere
1268 1825 1452 1902 intenderet,

219 1985 221 1990 ,
296 1929 410 1994 librum
433 1926 518 2010 prius
542 1925 581 1990 ad
604 1925 720 1990 curiam
745 1924 845 2006 Episo.
869 1925 1147 1992 transmittendum
1175 1930 1312 2006 curavit,
1337 1931 1389 2006 nt,
1403 1949 1453 1994 an

290 2033 338 2096 ‚sit
361 2031 443 2096 cath
466 2029 609 2114 religioni
639 2029 861 2094 consentaneus
883 2029 1036 2112 probaret.
1064 2063 1098 2078 -
1125 2032 1170 2094 Ex
1204 2032 1253 2096 his
1287 2035 1387 2116 patet,
1420 2035 1453 2097 in

298 2138 407 2220 Regno
422 2135 611 2216 Wrirttemb.
630 2134 770 2217 quamvis
787 2133 910 2198 scholae
926 2135 1068 2216 politicae
1091 2137 1273 2204 auctoritati
1295 2139 1357 2202 sint
1381 2139 1454 2202 sub·

293 2242 405 2326 jactae,
427 2240 576 2324 Episcopo
599 2239 805 2322 sufficientem
834 2239 955 2305 omnino
987 2242 1148 2324 suppetere
1173 2243 1361 2324 potestatem
1384 2243 1455 2306 tum
1501 2299 1504 2306 .

297 2346 336 2412 ad
353 2343 602 2428 promovendam
630 2343 713 2410 oath.
736 2344 989 2422 instructionem,
1013 2347 1082 2408 tum
1105 2345 1144 2410 ad
1167 2346 1297 2426 damna,
1320 2347 1358 2412 »si
1374 2367 1454 2430 quae

296 2449 440 2534 religioni
462 2448 655 2527 immineant,
679 2447 854 2528 avertenda.
1228 2451 1236 2462 ⁴

314 2555 460 2636 Quaestio
488 2552 564 2618 VII.
609 2553 699 2618 Anno
727 2552 861 2635 proxime
892 2552 995 2634 elapso
1022 2551 1055 2616 in
1076 2553 1134 2618 hac
1156 2553 1283 2620 civitate
1306 2557 1454 2622 Rottenh.

211 2663 268 2744 ost.
292 2661 428 2728 erectum
463 2656 666 2730 Seminarium
689 2676 854 2740 puerorum
884 2656 1143 2737 ecclesiasticum,
1177 2659 1257 2740 quod
1292 2663 1332 2726 35
1367 2662 1457 2744 pueri

194 2782 308 2832 annos
331 2764 350 2826 8
373 2760 531 2848 usquead
556 2761 596 2826 14
619 2760 686 2826 nati
708 2761 887 2826 inhabitant
910 2763 1001 2844 atque
1024 2761 1056 2825 in
1079 2761 1172 2846 hujus
1188 2763 1325 2830 civitatis
1341 2765 1456 2830 scholis

211 2870 273 2934 suh⁴
290 2867 525 2950 praecipuorum
545 2865 779 2950 praeceptorum
802 2865 1011 2932 moderatione
1033 2867 1142 2950 hugua
1166 2867 1266 2932 latina
1289 2871 1322 2934 et
1343 2890 1457 2954 graeca

211 2971 539 3056 ceterisque-scientiis
563 2969 745 3036 erudiuntur
769 2971 862 3053 atque
894 2989 929 3034 eo
963 2990 1059 3053 usque
1092 2973 1319 3054 provehuntur,
1353 2975 1389 3039 ut
1422 2975 1456 3038 in

210 3077 349 3162 publicos
379 3075 462 3142 cath.
486 3074 661 3151 convictus,
694 3073 747 3156 qui
769 3074 910 3158 Ehingae
934 3075 965 3138 et
987 3075 1129 3140 Rotvilae
1151 3076 1305 3156 esistunt,
1337 3081 1457 3142 assumi

210 3181 338 3266 possint.
357 3180 494 3264 „Hujus
526 3177 683 3242 seminarii
717 3177 899 3262 gubernatio
934 3179 966 3242 et
1000 3179 1229 3253 administratio
1262 3201 1280 3246 a
1313 3183 1458 3266 gnhemii

212 3285 398 3356 auctoritate
429 3285 518 3368 plane
552 3283 599 3347 est
631 3283 738 3351 libera.
764 3319 802 3328 —
827 3281 915 3362 Quod
938 3285 1042 3350 autern
1073 3285 1112 3350 ad
1135 3286 1291 3352 convictus
1315 3287 1458 3370 publicos

195 3389 335 3470 attinet,
358 3389 525 3474 Episcopus
538 3387 633 3454 etiam
645 3407 725 3452 nnnc
736 3387 839 3452 omnia
851 3387 884 3450 in
897 3406 947 3452 eos
960 3389 1079 3452 exercet
1092 3389 1173 3472 jura,
1198 3409 1275 3472 quae
1291 3390 1350 3474 ipsi
1371 3391 1455 3458 Ocn-

176 3504 179 3510 '
196 3493 353 3561 'ventione
364 3493 446 3558 inter
458 3492 561 3558 Senot.
575 3492 718 3558 Vestram
731 3492 763 3556 et
774 3491 892 3574 Regem
904 3492 1097 3556 Wiirttemb.·
1107 3493 1186 3558 inita
1202 3497 1275 3560 sunt
1290 3497 1455 3576 attributa,

211 3618 289 3684 quae
298 3599 381 3682 jura,
398 3597 605 3664 Consentione
618 3596 717 3680 Regia
729 3615 763 3662 er
779 3597 868 3678 parte
879 3596 1013 3661 infracta
1025 3597 1057 3660 et
1068 3597 1201 3678 sublata,
1225 3621 1283 3665 non
1304 3603 1376 3666 sunt
1396 3601 1457 3666 inr-

211 3705 342 3772 maara.
373 3701 491 3770 Horum
508 3702 703 3766 convictuum
719 3699 897 3764 inferiorum
909 3701 1026 3769 alumni
1042 3702 1074 3766 in
1090 3703 1260 3786 conjunctis
1272 3705 1455 3790 gymnasiis,

210 3807 368 3892 inquibus
389 3806 572 3890 praesertim
597 3804 788 3870 Professores
812 3824 847 3868 ex
871 3805 1060 3872 clericorum
1082 3809 1187 3874 ordine
1211 3811 1283 3874 sunt
1306 3811 1455 3891 inst'tuti,

210 3913 311 3982 literis
323 3911 389 3989 lat,
403 3928 503 3994 graec.
517 3910 549 3974 et
560 3908 694 3974 hebraic.
708 3909 839 3991 perbene
853 3909 1061 3990 instruuntur,
1074 3912 1154 3978 unde
1170 3913 1216 3993 fit,
1230 3933 1250 3978 u
1282 3914 1454 3980 dioeceseos

211 4016 556 4084 mcccsuccrdctestofa
568 4011 743 4077 Germanic
755 4013 791 4078 oh
803 4015 940 4089 solidam
962 4017 1126 4082 scientiane
1144 4019 1208 4084 siret
1230 4021 1396 4085 aestimati.
1413 4058 1453 4066 -

211 4121 303 4202 Quod,
315 4121 420 4186 antem
435 4121 475 4186 ad
495 4121 636 4186 alumnos
659 4119 816 4186 convictus
832 4122 998 4204 superioris
1014 4141 1084 4187 cum
1100 4123 1303 4190 universitate
1320 4125 1454 4208 Tnbing.

211 4225 368 4310 conjuncti
391 4225 521 4307 spectat,
544 4223 626 4287 inter
647 4243 752 4309 ornnes
769 4225 953 4304 constiterit,
978 4246 1028 4292 eos
1051 4248 1069 4292 a
1092 4229 1455 4314 catholico-theologicae

211 4329 371 4396 facultatis
393 4329 613 4412 professoribus
637 4329 777 4394 doctrina
800 4330 832 4394 et
855 4331 973 4398 sincera
995 4332 1055 4398 fide
1080 4333 1161 4398 cath.
1178 4328 1455 4416 praestantissimis

210 4434 395 4518 theologicis
424 4433 593 4518 disciplinis
623 4454 678 4499 nec
700 4454 760 4504 non
779 4435 849 4518 jure
872 4436 1015 4502 canonico
1038 4438 1153 4520 optime
1175 4439 1283 4504 imbui.
1330 4439 1456 4520 Quanta

212 4539 366 4604 industria
401 4539 432 4603 et
466 4538 631 4624 diligentia
659 4540 740 4604 cath.
765 4539 952 4607 convictores
974 4541 1075 4607 literis
1097 4543 1250 4628 theolog,
1272 4545 1455 4628 philosoph,

209 4644 369 4728 physicet
390 4641 585 4730 philologicis
597 4645 712 4712 navent
725 4664 865 4728 operam,
886 4645 957 4712 inne
974 4647 1171 4730 potissimum
1183 4648 1319 4734 intelligi
1339 4651 1456 4736 potest,
