3160 5010
215 323 280 402 462
323 351 476 422 Blitafeld,
498 355 579 409 1313.
597 355 734 410 denarum
750 351 869 409 Bischtl’e
887 349 992 408 331113
1013 349 1043 406 11
1061 349 1160 418 lcareu
1178 353 1224 408 der
1242 349 1338 419 congr.
1356 349 1461 410 concil.

215 525 271 605 ita,
293 543 387 609 quam
408 523 504 590 etiarn
525 523 587 590 alia
609 525 804 610 praeparatio
826 525 1012 609 requiratur,
1035 541 1114 608 pura
1135 523 1256 591 scilicet
1286 525 1319 589 et
1347 525 1465 590 sancta
1560 535 1561 608 ξ

216 629 358 709 13133113,
392 627 555 694 meditatio
587 629 701 696 studiis
731 629 837 696 solidis
869 631 927 695 nut
944 631 990 696 'ta
1024 631 1057 696 et
1088 648 1144 714 pro
1173 629 1282 714 quavis
1314 615 1464 696 concione
1560 623 1561 698 ξ

216 731 382 818 peculiaris
405 732 598 818 praeparatio
615 733 773 818 oratioque
796 733 930 813 assidua,
955 733 1125 800 cavendum
1148 733 1223 818 ipsis
1246 734 1304 814 331,
1327 752 1365 800 33
1380 733 1463 800 hanc
1560 719 1561 746 ¹

216 837 387 922 proximam
409 837 678 922 praeparationem
701 857 836 924 unquam
859 838 1032 925 negligant.

319 941 376 1010 Aa
413 939 468 1010 VI.
513 941 670 1025 Quantum
693 943 829 1028 pertinet
852 941 962 1009 adres
984 941 1155 1008 inditione
1177 941 1343 1010 Borussica
1369 943 1462 1010 schc-

217 1047 343 1114 lasticas
370 1047 420 1114 eat
447 1063 563 1133 magna
589 1045 668 1113 mihi
695 1047 728 1114 in
755 1046 794 1113 iis
822 1046 971 1132 competit
1008 1045 1177 1114 auctoritas
1211 1046 1461 1132 moderatrixque
1561 1083 1562 1138 p

217 1154 377 1219 exercetur
398 1152 454 1222 uis.
499 1150 726 1237 ludimagistri
747 1151 847 1218 loturi
861 1151 894 1217 in
909 1151 1090 1220 seminariis
1104 1151 1312 1232 instruuntur,
1327 1169 1460 1236 quorum

219 1257 387 1324 directores
419 1258 492 1324 3331
524 1255 583 1324 viri
617 1257 818 1323 ecclesiastici
853 1277 947 1342 aeque
985 1275 1020 1324 33
1049 1257 1103 1341 1311
1126 1255 1320 1336 consiliarii,
1350 1257 1461 1341 quiin
1561 1251 1562 1254 ’

218 1362 454 1448 magistratibus
489 1361 585 1448 regiis
618 1361 784 1429 Sileeiaoae
818 1363 993 1447 prouinciae
1025 1361 1172 1448 regimini
1204 1361 1386 1446 praepositis
1420 1363 1461 1426 de

217 1467 351 1552 negotiis
384 1467 559 1553 scholarum
589 1465 785 1551 popularium
821 1465 959 1533 referunt
993 1485 1029 1532 ac
1062 1467 1241 1533 decemuut.
1297 1465 1460 1532 Reviscres

217 1571 394 1638 scholarum
416 1571 490 1636 sunt
511 1570 653 1654 paroehi;
685 1571 856 1655 complures
884 1571 1007 1638 scholae
1037 1571 1239 1638 elementares
1265 1567 1298 1634 in
1326 1569 1460 1655 singulis

217 1675 370 1762 parochiis
403 1676 482 1742 sitae
515 1675 709 1742 constituunt
731 1675 862 1741 circulos
895 1676 1043 1760 quosdam
1075 1677 1214 1761 (numero
1247 1675 1314 1759 76.)
1346 1675 1459 1758 quibus

218 1783 366 1866 praesunt
386 1781 575 1865 inspectores
598 1799 634 1846 ex
656 1778 745 1847 Olero
768 1779 948 1847 dioecesano
977 1799 1032 1864 per
1053 1799 1103 1846 me
1134 1779 1332 1846 denominati.
1378 1776 1460 1845 Sane

222 1887 330 1953 autem
353 1883 573 1970 deplorandum
597 1886 655 1965 est,
677 1885 710 1950 in
737 1885 868 1950 dioecesi
897 1884 1002 1968 plures
1029 1903 1123 1968 quam
1153 1883 1320 1950 sexmilia
1350 1883 1461 1949 catho-

220 1991 300 2057 licae
332 1989 404 2054 fidei
438 1988 635 2073 paruulorum
665 1989 698 2053 in
728 1989 848 2054 scholas
877 2008 938 2054 non
964 1987 1133 2055 catholicas
1163 1988 1327 2056 ventitare.
1371 1990 1462 2056 Unde

219 2093 461 2162 acatholicorum
484 2093 579 2159 etiam
602 2093 732 2174 scholas,
763 2093 874 2177 quihus
903 2093 958 2158 isti
988 2093 1201 2177 parochiarum
1228 2093 1349 2178 parvuli
1377 2111 1462 2159 com-
1563 2163 1564 2188 ff

218 2199 305 2266 missi
327 2199 410 2277 3331,
433 2197 560 2282 parochi
581 2217 642 2263 non
664 2197 830 2264 sclumsuo
850 2197 1005 2281 jurensi,
1029 2198 1199 2264 sedetiam
1223 2198 1324 2263 officio
1347 2198 1461 2264 moniti

220 2302 458 2390 diligentissime
491 2301 627 2382 visitare,
662 2301 757 2368 immo
791 2302 828 2367 de
867 2301 1027 2386 discipulis
1067 2303 1229 2369 catholicis
1267 2301 1460 2387 singularem

219 2427 325 2474 curam
367 2407 482 2473 hahere
523 2408 555 2472 31
595 2425 646 2473 333
680 2407 832 2492 separatis
865 2407 949 2471 horis
982 2407 1032 2472 vel
1063 2407 1138 2472 locis
1171 2407 1279 2473 docere
1301 2407 1458 2472 tenentur.

217 2513 436 2596 Praeceptores
471 2509 630 2596 religionis
664 2511 697 2576 in
719 2510 896 2596 Gymnasiis
930 2510 1060 2594 publicis
1094 2531 1150 2577 nec
1184 2531 1244 2576 nou
1267 2513 1459 2577 Professores

217 2615 392 2702 theologiae
415 2615 447 2680 in
469 2615 670 2682 universitate
694 2615 844 2681 Viadriua
868 2616 907 2680 ad
931 2635 1059 2682 nrunera
1081 2635 1140 2682 non
1163 2617 1461 2695 admittuntu1·,nisi
1564 2661 1565 2670 1

217 2721 303 2805 prius
336 2740 389 2804 per
412 2740 461 2785 me
489 2720 633 2786 missione
662 2719 778 2786 1333131
805 2721 910 2784 donati
934 2721 1090 2786 canonica.
1136 2721 1205 2785 11131
1227 2720 1311 2786 haud
1334 2721 1459 2799 desunt,

217 2826 270 2908 qai
294 2825 414 2890 scholas
437 2825 476 2889 ab
498 2826 655 2890 Ecclesiae
678 2825 795 2890 1311333
811 2825 986 2890 eximendus
1009 2825 1458 2910 31313333311113333331331-

217 2929 294 2994 tatis
317 2929 445 2995 arbitrio
467 2929 674 3014 subjiciendas
698 2949 764 2996 esse
787 2931 987 3015 proclament,
1010 2933 1116 2996 tamen
1145 2930 1235 2995 civile
1265 2929 1459 2996 Guberniunr

218 3035 318 3117 ipsum
342 3035 494 3119 ejusmodi
517 3035 677 3102 desideriis
704 3037 808 3120 impiis
837 3037 940 3101 133333
968 3056 1027 3102 333
1057 3036 1180 3102 videtur
1207 3053 1304 3119 neque
1331 3036 1365 3100 id
1394 3035 1461 3102 3113

217 3137 308 3204 modo
331 3157 362 3204 se
385 3137 540 3204 immiscet
562 3138 595 3202 in
617 3138 918 3204 administrationem
932 3139 1146 3204 institutorum
1162 3139 1244 3204 Cleri
1259 3140 1460 3223 peculiariter

218 3241 392 3308 educationi
426 3243 666 3326 destinatorum,
709 3243 829 3310 33111331
872 3243 1037 3309 Seminarii
1070 3263 1243 3327 puerorum,
1269 3245 1457 3311 Conuictorii

218 3345 374 3412 studiosae
391 3347 564 3431 juventutis
587 3349 620 3413 et
643 3347 821 3413 alumnatus
844 3349 1033 3414 clericorum.
1079 3349 1219 3432 Denique
1247 3349 1458 3415 adnotandam

218 3469 343 3529 censeo,
377 3450 457 3533 quod
487 3449 623 3537 uirgines
654 3451 918 3530 sanctimoniales
949 3473 1026 3536 quae
1057 3453 1248 3518 examinibus
1271 3453 1403 3537 praeviis
1425 3473 1459 3519 se

218 3556 294 3620 33113
318 3573 383 3620 3333
406 3555 579 3621 necessaria
601 3555 732 3622 scientia
761 3556 930 3622 instructas
959 3557 1182 3640 probauerunt,
1212 3557 1331 3642 puellas
1361 3559 1459 3622 inier-

217 3677 303 3724 mare
325 3677 385 3725 non
408 3661 504 3726 solum
530 3679 590 3726 uon
612 3659 822 3743 prohibentur,
846 3661 898 3725 sed
922 3661 1016 3725 etiarn
1039 3663 1163 3744 propter
1185 3661 1363 3727 methodum
1384 3682 1458 3744 pae-

218 3761 401 3848 dagogicam
431 3763 470 3828 ab
500 3764 576 3846 ipsis
604 3763 800 3830 observatam
830 3785 849 3830 3
876 3765 1112 3848 magistratibus
1134 3765 1276 3848 publicis,
1299 3765 1393 3830 immo
1418 3768 1457 3830 alr

219 3865 403 3933 adversariis
426 3867 583 3933 Ecclesiae
604 3867 688 3932 haud
710 3887 779 3934 raro
802 3868 925 3953 magnis
948 3869 1132 3934 exornantur
1154 3868 1273 3953 elogiis.

320 3973 376 4038 Ad
402 3971 479 4039 VII.
525 3971 607 4038 Cleri
630 3971 787 4040 institutio
815 3973 1031 4056 complectitur·
1057 3975 1123 4038 tam
1138 3973 1245 4039 literas
1261 3973 1458 4038 humaniores

219 4095 312 4160 quam
335 4076 513 4160 disciplinas
546 4077 722 4144 severiores
769 4078 845 4142 Illae
878 4077 1095 4161 dispescuntur
1121 4077 1153 4141 in
1182 4077 1305 4143 litteras
1331 4077 1458 4154 1311333,

218 4199 296 4264 quae
330 4181 362 4245 13
387 4180 563 4266 Gymnasiis
596 4181 761 4247 truduntur
779 4209 780 4212 ¹
796 4183 828 4248 et
861 4183 1046 4248 rationalem
1078 4181 1320 4265 philosophiam,
1352 4182 1402 4245 cui
1425 4182 1458 4246 iu

218 4285 317 4368 primo
340 4305 418 4351 anno
441 4285 616 4351 academico
630 4305 721 4370 opera
743 4287 790 4350 est
805 4285 955 4351 navanda.
1000 4285 1189 4368 Disciplinae
1204 4286 1308 4350 autem
1324 4286 1459 4350 seuerio-

218 4409 268 4456 res
290 4391 464 4475 congruunt
487 4409 555 4454 cum
580 4389 712 4474 singulis
729 4389 904 4474 theologiae
934 4387 1073 4474 partibus
1101 4389 1281 4474 (exegetica,
1298 4390 1456 4473 historica,

219 4483 406 4578 dogmatica,
427 4493 546 4574 morali,
569 4494 732 4580 pastorali)
755 4513 811 4560 nec
845 4514 905 4560 nou
934 4496 1004 4578 jure
1035 4494 1178 4560 canonico
1209 4513 1321 4578 eaeque
1350 4513 1458 4560 omues

219 4599 367 4693 docentur
388 4599 420 4664 13
436 4598 646 4665 Universitate
661 4599 849 4664 litterarum.
894 4599 997 4666 linito
1013 4600 1116 4664 331333
1133 4597 1266 4665 13133313
1282 4598 1458 4665 academico

219 4703 272 4790 qai
285 4702 323 4770 ad
346 4703 466 4772 statum
488 4703 662 4772 clericalem
686 4703 835 4790 aspirant,
857 4703 1460 4791 333133333331133313133333131333·
