<?xml version="1.0" encoding="UTF-8"?>
<!DOCTYPE html PUBLIC "-//W3C//DTD XHTML 1.0 Transitional//EN"
    "http://www.w3.org/TR/xhtml1/DTD/xhtml1-transitional.dtd">
<html xmlns="http://www.w3.org/1999/xhtml" xml:lang="en" lang="en">
 <head>
  <title>
</title>
<meta http-equiv="Content-Type" content="text/html;charset=utf-8" />
  <meta name='ocr-system' content='tesseract 3.04.00' />
  <meta name='ocr-capabilities' content='ocr_page ocr_carea ocr_par ocr_line ocrx_word'/>
</head>
<body>
  <div class='ocr_page' id='page_1' title='image "./archivfrkatholi06jurigoog/archivfrkatholi06jurigoog_0154.png"; bbox 0 0 3152 5014; ppageno 0'>
   <div class='ocr_carea' id='block_1_1' title="bbox 153 315 1364 406">
    <p class='ocr_par' dir='ltr' id='par_1_1' title="bbox 153 315 1364 406">
     <span class='ocr_line' id='line_1_1' title="bbox 153 315 1364 406; baseline 0.003 -17"><span class='ocrx_word' id='word_1_1' title='bbox 153 315 215 384; x_wconf 83' lang='lat'><strong>148</strong></span> <span class='ocrx_word' id='word_1_2' title='bbox 278 333 399 406; x_wconf 77' lang='lat' dir='ltr'><strong>Verinp,</strong></span> <span class='ocrx_word' id='word_1_3' title='bbox 418 337 510 403; x_wconf 79' lang='lat' dir='ltr'><strong>hinton,</strong></span> <span class='ocrx_word' id='word_1_4' title='bbox 528 335 658 390; x_wconf 76' lang='lat' dir='ltr'><strong>Schriften</strong></span> <span class='ocrx_word' id='word_1_5' title='bbox 676 335 728 390; x_wconf 84' lang='lat' dir='ltr'><strong>und</strong></span> <span class='ocrx_word' id='word_1_6' title='bbox 746 333 875 392; x_wconf 84' lang='lat' dir='ltr'><strong>Whusrhc</strong></span> <span class='ocrx_word' id='word_1_7' title='bbox 894 348 953 391; x_wconf 85' lang='lat' dir='ltr'><strong>eum</strong></span> <span class='ocrx_word' id='word_1_8' title='bbox 971 336 1170 392; x_wconf 84' lang='lat' dir='ltr'><strong>beomenischen</strong></span> <span class='ocrx_word' id='word_1_9' title='bbox 1188 333 1282 393; x_wconf 79' lang='lat' dir='ltr'><strong>conrii.</strong></span> <span class='ocrx_word' id='word_1_10' title='bbox 1360 398 1364 405; x_wconf 83' lang='lat'>.</span> 
     </span>
    </p>
   </div>
   <div class='ocr_carea' id='block_1_2' title="bbox 148 505 1414 4339">
    <p class='ocr_par' dir='ltr' id='par_1_2' title="bbox 148 505 1414 1009">
     <span class='ocr_line' id='line_1_2' title="bbox 152 505 1414 591; baseline 0 -17"><span class='ocrx_word' id='word_1_11' title='bbox 152 507 248 574; x_wconf 83' lang='lat' dir='ltr'><strong>uariis</strong></span> <span class='ocrx_word' id='word_1_12' title='bbox 270 507 302 574; x_wconf 93' lang='lat' dir='ltr'><strong>in</strong></span> <span class='ocrx_word' id='word_1_13' title='bbox 325 506 388 572; x_wconf 88' lang='lat' dir='ltr'><strong>alia</strong></span> <span class='ocrx_word' id='word_1_14' title='bbox 409 506 536 590; x_wconf 89' lang='lat' dir='ltr'><strong>pietatis</strong></span> <span class='ocrx_word' id='word_1_15' title='bbox 558 524 651 589; x_wconf 90' lang='lat' dir='ltr'><strong>opera</strong></span> <span class='ocrx_word' id='word_1_16' title='bbox 672 512 869 588; x_wconf 82' lang='lat' dir='ltr'><strong>commutare,</strong></span> <span class='ocrx_word' id='word_1_17' title='bbox 893 507 941 572; x_wconf 86' lang='lat' dir='ltr'><strong>vel</strong></span> <span class='ocrx_word' id='word_1_18' title='bbox 956 507 989 572; x_wconf 91' lang='lat' dir='ltr'><strong>in</strong></span> <span class='ocrx_word' id='word_1_19' title='bbox 1011 507 1096 573; x_wconf 84' lang='lat' dir='ltr'><strong>ahud</strong></span> <span class='ocrx_word' id='word_1_20' title='bbox 1119 505 1292 591; x_wconf 85' lang='lat' dir='ltr'><strong>proximum</strong></span> <span class='ocrx_word' id='word_1_21' title='bbox 1314 509 1414 574; x_wconf 36' lang='lat' dir='ltr'><strong>tem-r</strong></span> 
     </span>
     <span class='ocr_line' id='line_1_3' title="bbox 151 599 1396 696; baseline 0.002 -20"><span class='ocrx_word' id='word_1_22' title='bbox 151 629 209 695; x_wconf 89' lang='lat' dir='ltr'><strong>pus</strong></span> <span class='ocrx_word' id='word_1_23' title='bbox 225 599 403 694; x_wconf 73' lang='lat' dir='ltr'><strong>prorogare</strong></span> <span class='ocrx_word' id='word_1_24' title='bbox 425 609 531 693; x_wconf 80' lang='lat' dir='ltr'>possit,</span> <span class='ocrx_word' id='word_1_25' title='bbox 555 627 651 694; x_wconf 89' lang='lat' dir='ltr'><strong>eaque</strong></span> <span class='ocrx_word' id='word_1_26' title='bbox 671 612 843 695; x_wconf 72' lang='lat' dir='ltr'><strong>injungere,</strong></span> <span class='ocrx_word' id='word_1_27' title='bbox 873 630 951 696; x_wconf 89' lang='lat' dir='ltr'><strong>quae</strong></span> <span class='ocrx_word' id='word_1_28' title='bbox 973 611 1033 694; x_wconf 91' lang='lat' dir='ltr'><strong>ipsi</strong></span> <span class='ocrx_word' id='word_1_29' title='bbox 1056 611 1249 694; x_wconf 81' lang='lat' dir='ltr'><strong>poenitentes</strong></span> <span class='ocrx_word' id='word_1_30' title='bbox 1272 613 1396 678; x_wconf 86' lang='lat' dir='ltr'><strong>efficere</strong></span> 
     </span>
     <span class='ocr_line' id='line_1_4' title="bbox 151 714 1397 800; baseline 0 -18"><span class='ocrx_word' id='word_1_31' title='bbox 151 715 281 800; x_wconf 87' lang='lat' dir='ltr'><strong>possint,</strong></span> <span class='ocrx_word' id='word_1_32' title='bbox 311 730 383 780; x_wconf 92' lang='lat' dir='ltr'><strong>cum</strong></span> <span class='ocrx_word' id='word_1_33' title='bbox 409 714 559 780; x_wconf 78' lang='lat' dir='ltr'>facultate</span> <span class='ocrx_word' id='word_1_34' title='bbox 590 715 686 780; x_wconf 86' lang='lat' dir='ltr'><strong>etiam</strong></span> <span class='ocrx_word' id='word_1_35' title='bbox 718 715 916 798; x_wconf 91' lang='lat' dir='ltr'><strong>dispensandi</strong></span> <span class='ocrx_word' id='word_1_36' title='bbox 948 735 1039 800; x_wconf 80' lang='lat' dir='ltr'><strong>super</strong></span> <span class='ocrx_word' id='word_1_37' title='bbox 1069 715 1291 784; x_wconf 78' lang='lat' dir='ltr'><strong>Commaaioree</strong></span> <span class='ocrx_word' id='word_1_38' title='bbox 1323 736 1397 782; x_wconf 90' lang='lat' dir='ltr'><strong>cum</strong></span> 
     </span>
     <span class='ocr_line' id='line_1_5' title="bbox 148 817 1397 905; baseline 0.002 -22"><span class='ocrx_word' id='word_1_39' title='bbox 148 821 268 903; x_wconf 62' lang='lat' dir='ltr'><strong>pueris</strong></span> <span class='ocrx_word' id='word_1_40' title='bbox 292 819 346 904; x_wconf 88' lang='lat' dir='ltr'><strong>qui</strong></span> <span class='ocrx_word' id='word_1_41' title='bbox 360 818 496 884; x_wconf 90' lang='lat' dir='ltr'><strong>nondum</strong></span> <span class='ocrx_word' id='word_1_42' title='bbox 512 818 551 884; x_wconf 90' lang='lat' dir='ltr'><strong>ad</strong></span> <span class='ocrx_word' id='word_1_43' title='bbox 565 820 700 903; x_wconf 84' lang='lat' dir='ltr'><strong>primam</strong></span> <span class='ocrx_word' id='word_1_44' title='bbox 716 817 969 886; x_wconf 83' lang='lat' dir='ltr'><strong>Communionem</strong></span> <span class='ocrx_word' id='word_1_45' title='bbox 986 821 1114 888; x_wconf 85' lang='lat' dir='ltr'><strong>admissi</strong></span> <span class='ocrx_word' id='word_1_46' title='bbox 1130 821 1255 901; x_wconf 87' lang='lat' dir='ltr'><strong>luerint,</strong></span> <span class='ocrx_word' id='word_1_47' title='bbox 1278 821 1397 905; x_wconf 89' lang='lat' dir='ltr'><strong>pariter</strong></span> 
     </span>
     <span class='ocr_line' id='line_1_6' title="bbox 155 911 1030 1009; baseline 0 -19"><span class='ocrx_word' id='word_1_48' title='bbox 155 923 351 990; x_wconf 72' lang='lat' dir='ltr'><strong>concedimus</strong></span> <span class='ocrx_word' id='word_1_49' title='bbox 373 925 467 1008; x_wconf 86' lang='lat' dir='ltr'><strong>atque</strong></span> <span class='ocrx_word' id='word_1_50' title='bbox 488 923 695 1009; x_wconf 81' lang='lat' dir='ltr'><strong>indulgemus.</strong></span> <span class='ocrx_word' id='word_1_51' title='bbox 1024 911 1030 920; x_wconf 69' lang='grc'><strong>’</strong></span> 
     </span>
    </p>

    <p class='ocr_par' dir='ltr' id='par_1_3' title="bbox 151 1027 1404 3506">
     <span class='ocr_line' id='line_1_7' title="bbox 256 1027 1396 1112; baseline 0.002 -20"><span class='ocrx_word' id='word_1_52' title='bbox 256 1028 384 1112; x_wconf 83' lang='lat' dir='ltr'><strong>Insuper</strong></span> <span class='ocrx_word' id='word_1_53' title='bbox 415 1027 556 1094; x_wconf 88' lang='lat' dir='ltr'><strong>omnihus</strong></span> <span class='ocrx_word' id='word_1_54' title='bbox 590 1029 623 1092; x_wconf 89' lang='lat' dir='ltr'><strong>et</strong></span> <span class='ocrx_word' id='word_1_55' title='bbox 654 1027 786 1112; x_wconf 89' lang='lat' dir='ltr'><strong>singulis</strong></span> <span class='ocrx_word' id='word_1_56' title='bbox 821 1027 1083 1095; x_wconf 79' lang='lat' dir='ltr'><strong>christifidelibus</strong></span> <span class='ocrx_word' id='word_1_57' title='bbox 1116 1029 1328 1095; x_wconf 89' lang='lat' dir='ltr'><strong>saecularibus</strong></span> <span class='ocrx_word' id='word_1_58' title='bbox 1362 1031 1396 1096; x_wconf 91' lang='lat' dir='ltr'><strong>et</strong></span> 
     </span>
     <span class='ocr_line' id='line_1_8' title="bbox 152 1130 1396 1218; baseline 0.001 -22"><span class='ocrx_word' id='word_1_59' title='bbox 152 1131 349 1218; x_wconf 81' lang='lat' dir='ltr'><strong>regularibus</strong></span> <span class='ocrx_word' id='word_1_60' title='bbox 374 1132 509 1216; x_wconf 82' lang='lat' dir='ltr'><strong>cujusvis</strong></span> <span class='ocrx_word' id='word_1_61' title='bbox 530 1130 655 1198; x_wconf 86' lang='lat' dir='ltr'><strong>Ordinis</strong></span> <span class='ocrx_word' id='word_1_62' title='bbox 671 1133 703 1197; x_wconf 91' lang='lat' dir='ltr'><strong>et</strong></span> <span class='ocrx_word' id='word_1_63' title='bbox 725 1131 880 1212; x_wconf 87' lang='lat' dir='ltr'><strong>instituti,</strong></span> <span class='ocrx_word' id='word_1_64' title='bbox 903 1132 998 1198; x_wconf 89' lang='lat' dir='ltr'><strong>etiam</strong></span> <span class='ocrx_word' id='word_1_65' title='bbox 1014 1131 1190 1216; x_wconf 73' lang='lat' dir='ltr'><strong>specialiter</strong></span> <span class='ocrx_word' id='word_1_66' title='bbox 1204 1133 1396 1214; x_wconf 90' lang='lat' dir='ltr'><strong>nominandi,</strong></span> 
     </span>
     <span class='ocr_line' id='line_1_9' title="bbox 152 1235 1397 1322; baseline 0.001 -20"><span class='ocrx_word' id='word_1_67' title='bbox 152 1236 312 1302; x_wconf 89' lang='lat' dir='ltr'><strong>licentiam</strong></span> <span class='ocrx_word' id='word_1_68' title='bbox 336 1236 529 1302; x_wconf 88' lang='lat' dir='ltr'><strong>concedimus</strong></span> <span class='ocrx_word' id='word_1_69' title='bbox 553 1236 585 1302; x_wconf 89' lang='lat' dir='ltr'><strong>et</strong></span> <span class='ocrx_word' id='word_1_70' title='bbox 606 1235 800 1316; x_wconf 83' lang='lat' dir='ltr'><strong>facultatem,</strong></span> <span class='ocrx_word' id='word_1_71' title='bbox 825 1237 860 1302; x_wconf 91' lang='lat' dir='ltr'><strong>ut</strong></span> <span class='ocrx_word' id='word_1_72' title='bbox 881 1237 941 1302; x_wconf 87' lang='lat' dir='ltr'><strong>sibi</strong></span> <span class='ocrx_word' id='word_1_73' title='bbox 964 1237 1003 1302; x_wconf 90' lang='lat' dir='ltr'><strong>ad</strong></span> <span class='ocrx_word' id='word_1_74' title='bbox 1018 1236 1101 1303; x_wconf 90' lang='lat' dir='ltr'><strong>hunc</strong></span> <span class='ocrx_word' id='word_1_75' title='bbox 1116 1237 1261 1303; x_wconf 81' lang='lat' dir='ltr'><strong>ellectum</strong></span> <span class='ocrx_word' id='word_1_76' title='bbox 1281 1237 1397 1322; x_wconf 85' lang='lat' dir='ltr'><strong>eligere</strong></span> 
     </span>
     <span class='ocr_line' id='line_1_10' title="bbox 151 1339 1396 1432; baseline 0.002 -28"><span class='ocrx_word' id='word_1_77' title='bbox 151 1340 271 1424; x_wconf 82' lang='lat' dir='ltr'><strong>possint</strong></span> <span class='ocrx_word' id='word_1_78' title='bbox 292 1359 516 1424; x_wconf 89' lang='lat' dir='ltr'><strong>quemcumque</strong></span> <span class='ocrx_word' id='word_1_79' title='bbox 531 1339 745 1424; x_wconf 82' lang='lat' dir='ltr'><strong>presbyterum</strong></span> <span class='ocrx_word' id='word_1_80' title='bbox 761 1339 990 1418; x_wconf 79' lang='lat' dir='ltr'><strong>confessarium,</strong></span> <span class='ocrx_word' id='word_1_81' title='bbox 1013 1342 1079 1406; x_wconf 90' lang='lat' dir='ltr'><strong>tam</strong></span> <span class='ocrx_word' id='word_1_82' title='bbox 1094 1341 1284 1432; x_wconf 70' lang='lat' dir='ltr'><strong>specularem</strong></span> <span class='ocrx_word' id='word_1_83' title='bbox 1302 1359 1396 1424; x_wconf 89' lang='lat' dir='ltr'><strong>quam</strong></span> 
     </span>
     <span class='ocr_line' id='line_1_11' title="bbox 153 1443 1397 1529; baseline 0.001 -20"><span class='ocrx_word' id='word_1_84' title='bbox 153 1444 330 1529; x_wconf 86' lang='lat' dir='ltr'><strong>regularem</strong></span> <span class='ocrx_word' id='word_1_85' title='bbox 359 1463 395 1510; x_wconf 85' lang='lat' dir='ltr'><strong>en</strong></span> <span class='ocrx_word' id='word_1_86' title='bbox 424 1447 498 1510; x_wconf 90' lang='lat' dir='ltr'><strong>actu</strong></span> <span class='ocrx_word' id='word_1_87' title='bbox 527 1444 705 1528; x_wconf 78' lang='lat' dir='ltr'><strong>approbatis</strong></span> <span class='ocrx_word' id='word_1_88' title='bbox 731 1465 750 1510; x_wconf 90' lang='lat' dir='ltr'><strong>a</strong></span> <span class='ocrx_word' id='word_1_89' title='bbox 778 1445 916 1510; x_wconf 92' lang='lat' dir='ltr'><strong>locorum</strong></span> <span class='ocrx_word' id='word_1_90' title='bbox 942 1443 1114 1511; x_wconf 87' lang='lat' dir='ltr'><strong>Ordinariis</strong></span> <span class='ocrx_word' id='word_1_91' title='bbox 1142 1445 1217 1529; x_wconf 82' lang='lat' dir='ltr'><strong>(qua</strong></span> <span class='ocrx_word' id='word_1_92' title='bbox 1243 1445 1397 1510; x_wconf 87' lang='lat' dir='ltr'><strong>facultate</strong></span> 
     </span>
     <span class='ocr_line' id='line_1_12' title="bbox 152 1547 1398 1634; baseline 0.002 -21"><span class='ocrx_word' id='word_1_93' title='bbox 152 1548 202 1613; x_wconf 90' lang='lat' dir='ltr'><strong>uti</strong></span> <span class='ocrx_word' id='word_1_94' title='bbox 224 1549 342 1631; x_wconf 85' lang='lat' dir='ltr'><strong>possint</strong></span> <span class='ocrx_word' id='word_1_95' title='bbox 365 1549 460 1614; x_wconf 91' lang='lat' dir='ltr'><strong>etiam</strong></span> <span class='ocrx_word' id='word_1_96' title='bbox 472 1547 631 1628; x_wconf 87' lang='lat' dir='ltr'><strong>moniales,</strong></span> <span class='ocrx_word' id='word_1_97' title='bbox 654 1549 799 1628; x_wconf 87' lang='lat' dir='ltr'><strong>novitiae,</strong></span> <span class='ocrx_word' id='word_1_98' title='bbox 824 1549 963 1634; x_wconf 87' lang='lat' dir='ltr'><strong>aliaeque</strong></span> <span class='ocrx_word' id='word_1_99' title='bbox 985 1550 1131 1616; x_wconf 89' lang='lat' dir='ltr'><strong>mulieres</strong></span> <span class='ocrx_word' id='word_1_100' title='bbox 1153 1550 1237 1616; x_wconf 86' lang='lat' dir='ltr'><strong>intra</strong></span> <span class='ocrx_word' id='word_1_101' title='bbox 1260 1550 1398 1615; x_wconf 86' lang='lat' dir='ltr'><strong>claustra</strong></span> 
     </span>
     <span class='ocr_line' id='line_1_13' title="bbox 153 1651 1397 1738; baseline 0.001 -21"><span class='ocrx_word' id='word_1_102' title='bbox 153 1653 312 1737; x_wconf 89' lang='lat' dir='ltr'><strong>degentes,</strong></span> <span class='ocrx_word' id='word_1_103' title='bbox 335 1651 500 1718; x_wconf 91' lang='lat' dir='ltr'><strong>dummodo</strong></span> <span class='ocrx_word' id='word_1_104' title='bbox 522 1653 725 1718; x_wconf 85' lang='lat' dir='ltr'><strong>contessarius</strong></span> <span class='ocrx_word' id='word_1_105' title='bbox 749 1653 936 1737; x_wconf 90' lang='lat' dir='ltr'><strong>approbatus</strong></span> <span class='ocrx_word' id='word_1_106' title='bbox 962 1655 1004 1720; x_wconf 90' lang='lat' dir='ltr'><strong>sit</strong></span> <span class='ocrx_word' id='word_1_107' title='bbox 1025 1674 1081 1738; x_wconf 91' lang='lat' dir='ltr'><strong>pro</strong></span> <span class='ocrx_word' id='word_1_108' title='bbox 1102 1654 1312 1737; x_wconf 88' lang='lat' dir='ltr'><strong>monialibus),</strong></span> <span class='ocrx_word' id='word_1_109' title='bbox 1342 1654 1397 1736; x_wconf 91' lang='lat' dir='ltr'><strong>qui</strong></span> 
     </span>
     <span class='ocr_line' id='line_1_14' title="bbox 155 1757 1395 1842; baseline 0.001 -21"><span class='ocrx_word' id='word_1_110' title='bbox 155 1774 206 1822; x_wconf 90' lang='lat' dir='ltr'><strong>eos</strong></span> <span class='ocrx_word' id='word_1_111' title='bbox 230 1757 269 1822; x_wconf 87' lang='lat' dir='ltr'><strong>ab</strong></span> <span class='ocrx_word' id='word_1_112' title='bbox 292 1757 632 1838; x_wconf 79' lang='lat' dir='ltr'><strong>accommarcieotc&#39;orer&#39;s,</strong></span> <span class='ocrx_word' id='word_1_113' title='bbox 662 1758 889 1840; x_wconf 67' lang='lat' dir='ltr'><strong>suspensionis,</strong></span> <span class='ocrx_word' id='word_1_114' title='bbox 919 1758 1050 1842; x_wconf 90' lang='lat' dir='ltr'><strong>aliisque</strong></span> <span class='ocrx_word' id='word_1_115' title='bbox 1078 1757 1294 1823; x_wconf 89' lang='lat' dir='ltr'><strong>ecclesiasticis</strong></span> <span class='ocrx_word' id='word_1_116' title='bbox 1321 1779 1395 1824; x_wconf 82' lang='lat' dir='ltr'><strong>sera·</strong></span> 
     </span>
     <span class='ocr_line' id='line_1_15' title="bbox 154 1861 1396 1946; baseline -0.001 -19"><span class='ocrx_word' id='word_1_117' title='bbox 154 1861 260 1928; x_wconf 70' lang='lat' dir='ltr'><strong>terutds</strong></span> <span class='ocrx_word' id='word_1_118' title='bbox 283 1862 314 1926; x_wconf 89' lang='lat' dir='ltr'><strong>et</strong></span> <span class='ocrx_word' id='word_1_119' title='bbox 336 1861 488 1940; x_wconf 79' lang='lat' dir='ltr'><strong>censuris,</strong></span> <span class='ocrx_word' id='word_1_120' title='bbox 512 1861 619 1946; x_wconf 86' lang='lat' dir='ltr'><strong>ajune</strong></span> <span class='ocrx_word' id='word_1_121' title='bbox 641 1862 691 1927; x_wconf 89' lang='lat' dir='ltr'><strong>vel</strong></span> <span class='ocrx_word' id='word_1_122' title='bbox 714 1863 753 1927; x_wconf 91' lang='lat' dir='ltr'><strong>ab</strong></span> <span class='ocrx_word' id='word_1_123' title='bbox 776 1861 898 1928; x_wconf 90' lang='lat' dir='ltr'><strong>homine</strong></span> <span class='ocrx_word' id='word_1_124' title='bbox 922 1863 1029 1946; x_wconf 84' lang='lat' dir='ltr'><strong>quavis</strong></span> <span class='ocrx_word' id='word_1_125' title='bbox 1059 1862 1096 1928; x_wconf 91' lang='lat' dir='ltr'><strong>de</strong></span> <span class='ocrx_word' id='word_1_126' title='bbox 1120 1881 1214 1928; x_wconf 88' lang='lat' dir='ltr'><strong>causa</strong></span> <span class='ocrx_word' id='word_1_127' title='bbox 1243 1863 1317 1928; x_wconf 89' lang='lat' dir='ltr'><strong>latis</strong></span> <span class='ocrx_word' id='word_1_128' title='bbox 1345 1863 1396 1928; x_wconf 90' lang='lat' dir='ltr'><strong>vel</strong></span> 
     </span>
     <span class='ocr_line' id='line_1_16' title="bbox 155 1961 1398 2048; baseline 0.004 -21"><span class='ocrx_word' id='word_1_129' title='bbox 155 1961 292 2042; x_wconf 85' lang='lat' dir='ltr'><strong>inflictis,</strong></span> <span class='ocrx_word' id='word_1_130' title='bbox 314 1965 438 2047; x_wconf 90' lang='lat' dir='ltr'><strong>praeter</strong></span> <span class='ocrx_word' id='word_1_131' title='bbox 459 1964 541 2030; x_wconf 85' lang='lat' dir='ltr'><strong>infra</strong></span> <span class='ocrx_word' id='word_1_132' title='bbox 556 1967 708 2048; x_wconf 84' lang='lat' dir='ltr'><strong>exceptas,</strong></span> <span class='ocrx_word' id='word_1_133' title='bbox 732 1983 849 2030; x_wconf 91' lang='lat' dir='ltr'><strong>necnon</strong></span> <span class='ocrx_word' id='word_1_134' title='bbox 871 1966 910 2031; x_wconf 91' lang='lat' dir='ltr'><strong>ab</strong></span> <span class='ocrx_word' id='word_1_135' title='bbox 934 1966 1077 2032; x_wconf 77' lang='lat' dir='ltr'><strong>omnibns</strong></span> <span class='ocrx_word' id='word_1_136' title='bbox 1093 1967 1243 2047; x_wconf 77' lang='lat' dir='ltr'><strong>peucetio,</strong></span> <span class='ocrx_word' id='word_1_137' title='bbox 1265 1967 1398 2032; x_wconf 86' lang='lat' dir='ltr'><strong>excessi-</strong></span> 
     </span>
     <span class='ocr_line' id='line_1_17' title="bbox 153 2068 1399 2156; baseline 0 -22"><span class='ocrx_word' id='word_1_138' title='bbox 153 2069 223 2147; x_wconf 88' lang='lat' dir='ltr'><strong>bus,</strong></span> <span class='ocrx_word' id='word_1_139' title='bbox 245 2068 425 2134; x_wconf 89' lang='lat' dir='ltr'><strong>criminibus</strong></span> <span class='ocrx_word' id='word_1_140' title='bbox 449 2070 480 2134; x_wconf 92' lang='lat' dir='ltr'><strong>et</strong></span> <span class='ocrx_word' id='word_1_141' title='bbox 503 2069 625 2134; x_wconf 89' lang='lat' dir='ltr'><strong>delictis</strong></span> <span class='ocrx_word' id='word_1_142' title='bbox 649 2069 847 2152; x_wconf 83' lang='lat' dir='ltr'><strong>quantumvis</strong></span> <span class='ocrx_word' id='word_1_143' title='bbox 869 2069 1016 2156; x_wconf 84' lang='lat' dir='ltr'><strong>gravibus</strong></span> <span class='ocrx_word' id='word_1_144' title='bbox 1038 2071 1071 2134; x_wconf 89' lang='lat' dir='ltr'><strong>et</strong></span> <span class='ocrx_word' id='word_1_145' title='bbox 1093 2070 1278 2149; x_wconf 88' lang='lat' dir='ltr'><strong>enormibus,</strong></span> <span class='ocrx_word' id='word_1_146' title='bbox 1300 2069 1399 2135; x_wconf 91' lang='lat' dir='ltr'><strong>etiam</strong></span> 
     </span>
     <span class='ocr_line' id='line_1_18' title="bbox 153 2171 1397 2257; baseline 0.001 -20"><span class='ocrx_word' id='word_1_147' title='bbox 153 2172 290 2238; x_wconf 90' lang='lat' dir='ltr'><strong>locorum</strong></span> <span class='ocrx_word' id='word_1_148' title='bbox 314 2171 496 2252; x_wconf 89' lang='lat' dir='ltr'><strong>Ordinariis,</strong></span> <span class='ocrx_word' id='word_1_149' title='bbox 530 2173 594 2238; x_wconf 86' lang='lat' dir='ltr'><strong>sine</strong></span> <span class='ocrx_word' id='word_1_150' title='bbox 629 2173 729 2239; x_wconf 84' lang='lat' dir='ltr'><strong>Nobr‘s</strong></span> <span class='ocrx_word' id='word_1_151' title='bbox 761 2181 790 2240; x_wconf 92' lang='lat' dir='ltr'><strong>et</strong></span> <span class='ocrx_word' id='word_1_152' title='bbox 822 2173 897 2240; x_wconf 78' lang='lat' dir='ltr'><strong>Secti</strong></span> <span class='ocrx_word' id='word_1_153' title='bbox 931 2174 1132 2256; x_wconf 80' lang='lat' dir='ltr'><strong>Apostotteoe</strong></span> <span class='ocrx_word' id='word_1_154' title='bbox 1163 2173 1287 2257; x_wconf 90' lang='lat' dir='ltr'><strong>speciali</strong></span> <span class='ocrx_word' id='word_1_155' title='bbox 1321 2173 1397 2238; x_wconf 91' lang='lat' dir='ltr'><strong>licet</strong></span> 
     </span>
     <span class='ocr_line' id='line_1_19' title="bbox 155 2276 1399 2361; baseline 0.002 -21"><span class='ocrx_word' id='word_1_156' title='bbox 155 2276 255 2341; x_wconf 87' lang='lat' dir='ltr'><strong>forma</strong></span> <span class='ocrx_word' id='word_1_157' title='bbox 276 2279 464 2357; x_wconf 82' lang='lat' dir='ltr'><strong>reservatis,</strong></span> <span class='ocrx_word' id='word_1_158' title='bbox 495 2278 527 2343; x_wconf 91' lang='lat' dir='ltr'><strong>et</strong></span> <span class='ocrx_word' id='word_1_159' title='bbox 557 2295 687 2360; x_wconf 88' lang='lat' dir='ltr'><strong>quorum</strong></span> <span class='ocrx_word' id='word_1_160' title='bbox 715 2276 867 2342; x_wconf 80' lang='lat' dir='ltr'><strong>absolutio</strong></span> <span class='ocrx_word' id='word_1_161' title='bbox 890 2277 968 2342; x_wconf 91' lang='lat' dir='ltr'><strong>alias</strong></span> <span class='ocrx_word' id='word_1_162' title='bbox 991 2279 1190 2360; x_wconf 86' lang='lat' dir='ltr'><strong>quantumvis</strong></span> <span class='ocrx_word' id='word_1_163' title='bbox 1213 2279 1316 2361; x_wconf 90' lang='lat' dir='ltr'><strong>ampla</strong></span> <span class='ocrx_word' id='word_1_164' title='bbox 1337 2297 1399 2343; x_wconf 92' lang='lat' dir='ltr'><strong>non</strong></span> 
     </span>
     <span class='ocr_line' id='line_1_20' title="bbox 156 2379 1400 2464; baseline 0.001 -19"><span class='ocrx_word' id='word_1_165' title='bbox 156 2379 388 2464; x_wconf 84' lang='lat' dir='ltr'><strong>intelligeretur</strong></span> <span class='ocrx_word' id='word_1_166' title='bbox 410 2399 563 2462; x_wconf 90' lang='lat' dir='ltr'><strong>concessa,</strong></span> <span class='ocrx_word' id='word_1_167' title='bbox 586 2382 621 2446; x_wconf 80' lang='lat' dir='ltr'><strong>ta</strong></span> <span class='ocrx_word' id='word_1_168' title='bbox 640 2383 713 2464; x_wconf 80' lang='lat' dir='ltr'><strong>foro</strong></span> <span class='ocrx_word' id='word_1_169' title='bbox 733 2381 953 2460; x_wconf 79' lang='lat' dir='ltr'><strong>eonscientiae,</strong></span> <span class='ocrx_word' id='word_1_170' title='bbox 978 2382 1010 2446; x_wconf 90' lang='lat' dir='ltr'><strong>et</strong></span> <span class='ocrx_word' id='word_1_171' title='bbox 1032 2382 1092 2446; x_wconf 84' lang='lat' dir='ltr'><strong>bne</strong></span> <span class='ocrx_word' id='word_1_172' title='bbox 1113 2382 1179 2448; x_wconf 86' lang='lat' dir='ltr'><strong>cr&#39;ee</strong></span> <span class='ocrx_word' id='word_1_173' title='bbox 1201 2388 1321 2448; x_wconf 82' lang='lat' dir='ltr'><strong>tantam</strong></span> <span class='ocrx_word' id='word_1_174' title='bbox 1342 2381 1400 2447; x_wconf 89' lang='lat' dir='ltr'><strong>ab·</strong></span> 
     </span>
     <span class='ocr_line' id='line_1_21' title="bbox 158 2473 1400 2569; baseline 0.002 -21"><span class='ocrx_word' id='word_1_175' title='bbox 158 2485 275 2550; x_wconf 77' lang='lat' dir='ltr'><strong>soluere</strong></span> <span class='ocrx_word' id='word_1_176' title='bbox 296 2485 328 2552; x_wconf 93' lang='lat' dir='ltr'><strong>et</strong></span> <span class='ocrx_word' id='word_1_177' title='bbox 342 2484 474 2550; x_wconf 88' lang='lat' dir='ltr'><strong>liberare</strong></span> <span class='ocrx_word' id='word_1_178' title='bbox 487 2485 627 2563; x_wconf 87' lang='lat' dir='ltr'><strong>valeant;</strong></span> <span class='ocrx_word' id='word_1_179' title='bbox 651 2485 683 2550; x_wconf 91' lang='lat' dir='ltr'><strong>et</strong></span> <span class='ocrx_word' id='word_1_180' title='bbox 705 2473 830 2568; x_wconf 81' lang='lat' dir='ltr'><strong>insuper</strong></span> <span class='ocrx_word' id='word_1_181' title='bbox 852 2491 924 2551; x_wconf 85' lang='lat' dir='ltr'><strong>octa</strong></span> <span class='ocrx_word' id='word_1_182' title='bbox 945 2503 1155 2569; x_wconf 89' lang='lat' dir='ltr'><strong>quaecumque</strong></span> <span class='ocrx_word' id='word_1_183' title='bbox 1178 2485 1273 2550; x_wconf 89' lang='lat' dir='ltr'><strong>etiam</strong></span> <span class='ocrx_word' id='word_1_184' title='bbox 1291 2485 1400 2569; x_wconf 86' lang='lat' dir='ltr'><strong>jurata</strong></span> 
     </span>
     <span class='ocr_line' id='line_1_22' title="bbox 158 2586 1397 2674; baseline 0.001 -21"><span class='ocrx_word' id='word_1_185' title='bbox 158 2592 189 2653; x_wconf 92' lang='lat' dir='ltr'><strong>et</strong></span> <span class='ocrx_word' id='word_1_186' title='bbox 211 2586 284 2654; x_wconf 85' lang='lat' dir='ltr'><strong>Sodi</strong></span> <span class='ocrx_word' id='word_1_187' title='bbox 306 2588 502 2672; x_wconf 71' lang='lat' dir='ltr'><strong>apostolicae</strong></span> <span class='ocrx_word' id='word_1_188' title='bbox 523 2590 683 2655; x_wconf 85' lang='lat' dir='ltr'><strong>reseruata</strong></span> <span class='ocrx_word' id='word_1_189' title='bbox 712 2588 898 2673; x_wconf 86' lang='lat' dir='ltr'><strong>(castitatis,</strong></span> <span class='ocrx_word' id='word_1_190' title='bbox 929 2588 1104 2673; x_wconf 87' lang='lat' dir='ltr'><strong>religionis,</strong></span> <span class='ocrx_word' id='word_1_191' title='bbox 1135 2591 1167 2654; x_wconf 93' lang='lat' dir='ltr'><strong>et</strong></span> <span class='ocrx_word' id='word_1_192' title='bbox 1198 2589 1397 2674; x_wconf 83' lang='lat' dir='ltr'><strong>obligationis</strong></span> 
     </span>
     <span class='ocr_line' id='line_1_23' title="bbox 155 2691 1397 2777; baseline 0.002 -21"><span class='ocrx_word' id='word_1_193' title='bbox 155 2710 233 2774; x_wconf 89' lang='lat' dir='ltr'><strong>quae</strong></span> <span class='ocrx_word' id='word_1_194' title='bbox 256 2711 274 2756; x_wconf 89' lang='lat' dir='ltr'><strong>a</strong></span> <span class='ocrx_word' id='word_1_195' title='bbox 296 2691 391 2757; x_wconf 90' lang='lat' dir='ltr'><strong>tertio</strong></span> <span class='ocrx_word' id='word_1_196' title='bbox 413 2695 574 2776; x_wconf 90' lang='lat' dir='ltr'><strong>acceptata</strong></span> <span class='ocrx_word' id='word_1_197' title='bbox 594 2692 702 2772; x_wconf 89' lang='lat' dir='ltr'><strong>fuerit,</strong></span> <span class='ocrx_word' id='word_1_198' title='bbox 732 2711 788 2758; x_wconf 89' lang='lat' dir='ltr'><strong>sou</strong></span> <span class='ocrx_word' id='word_1_199' title='bbox 814 2693 847 2756; x_wconf 95' lang='lat' dir='ltr'><strong>in</strong></span> <span class='ocrx_word' id='word_1_200' title='bbox 876 2692 988 2776; x_wconf 89' lang='lat' dir='ltr'><strong>quibus</strong></span> <span class='ocrx_word' id='word_1_201' title='bbox 1010 2694 1123 2777; x_wconf 88' lang='lat' dir='ltr'><strong>agatur</strong></span> <span class='ocrx_word' id='word_1_202' title='bbox 1143 2692 1181 2757; x_wconf 89' lang='lat' dir='ltr'><strong>de</strong></span> <span class='ocrx_word' id='word_1_203' title='bbox 1207 2692 1397 2776; x_wconf 90' lang='lat' dir='ltr'><strong>praejudicio</strong></span> 
     </span>
     <span class='ocr_line' id='line_1_24' title="bbox 155 2795 1398 2880; baseline 0.002 -20"><span class='ocrx_word' id='word_1_204' title='bbox 155 2795 253 2875; x_wconf 89' lang='lat' dir='ltr'><strong>tertii,</strong></span> <span class='ocrx_word' id='word_1_205' title='bbox 276 2813 396 2879; x_wconf 91' lang='lat' dir='ltr'><strong>semper</strong></span> <span class='ocrx_word' id='word_1_206' title='bbox 417 2798 560 2879; x_wconf 74' lang='lat' dir='ltr'><strong>exceptis,</strong></span> <span class='ocrx_word' id='word_1_207' title='bbox 591 2798 744 2880; x_wconf 89' lang='lat' dir='ltr'><strong>quatenus</strong></span> <span class='ocrx_word' id='word_1_208' title='bbox 773 2815 810 2862; x_wconf 90' lang='lat' dir='ltr'><strong>ea</strong></span> <span class='ocrx_word' id='word_1_209' title='bbox 836 2797 909 2863; x_wconf 88' lang='lat' dir='ltr'><strong>vota</strong></span> <span class='ocrx_word' id='word_1_210' title='bbox 935 2796 999 2860; x_wconf 92' lang='lat' dir='ltr'><strong>sint</strong></span> <span class='ocrx_word' id='word_1_211' title='bbox 1028 2797 1166 2879; x_wconf 88' lang='lat' dir='ltr'><strong>perfecta</strong></span> <span class='ocrx_word' id='word_1_212' title='bbox 1184 2799 1217 2862; x_wconf 88' lang='lat' dir='ltr'><strong>et</strong></span> <span class='ocrx_word' id='word_1_213' title='bbox 1244 2797 1398 2877; x_wconf 87' lang='lat' dir='ltr'><strong>absoluta,</strong></span> 
     </span>
     <span class='ocr_line' id='line_1_25' title="bbox 156 2900 1399 2984; baseline 0.001 -20"><span class='ocrx_word' id='word_1_214' title='bbox 156 2918 213 2966; x_wconf 92' lang='lat' dir='ltr'><strong>nec</strong></span> <span class='ocrx_word' id='word_1_215' title='bbox 234 2918 294 2966; x_wconf 91' lang='lat' dir='ltr'><strong>non</strong></span> <span class='ocrx_word' id='word_1_216' title='bbox 315 2900 509 2984; x_wconf 89' lang='lat' dir='ltr'><strong>poenalibus,</strong></span> <span class='ocrx_word' id='word_1_217' title='bbox 533 2919 610 2984; x_wconf 89' lang='lat' dir='ltr'><strong>quae</strong></span> <span class='ocrx_word' id='word_1_218' title='bbox 631 2900 859 2984; x_wconf 84' lang='lat' dir='ltr'><strong>praeservativa</strong></span> <span class='ocrx_word' id='word_1_219' title='bbox 882 2921 901 2965; x_wconf 89' lang='lat' dir='ltr'><strong>a</strong></span> <span class='ocrx_word' id='word_1_220' title='bbox 922 2901 1059 2984; x_wconf 89' lang='lat' dir='ltr'><strong>peccatis</strong></span> <span class='ocrx_word' id='word_1_221' title='bbox 1082 2901 1315 2984; x_wconf 89' lang='lat' dir='ltr'><strong>nuncupantur,</strong></span> <span class='ocrx_word' id='word_1_222' title='bbox 1337 2901 1399 2965; x_wconf 87' lang='lat' dir='ltr'><strong>nisi</strong></span> 
     </span>
     <span class='ocr_line' id='line_1_26' title="bbox 157 3005 1400 3089; baseline -0.002 -19"><span class='ocrx_word' id='word_1_223' title='bbox 157 3005 358 3070; x_wconf 88' lang='lat' dir='ltr'><strong>commutatio</strong></span> <span class='ocrx_word' id='word_1_224' title='bbox 381 3005 487 3070; x_wconf 86' lang='lat' dir='ltr'><strong>futura</strong></span> <span class='ocrx_word' id='word_1_225' title='bbox 506 3005 664 3089; x_wconf 89' lang='lat' dir='ltr'><strong>judicetur</strong></span> <span class='ocrx_word' id='word_1_226' title='bbox 687 3005 847 3089; x_wconf 89' lang='lat' dir='ltr'><strong>ejusmodi,</strong></span> <span class='ocrx_word' id='word_1_227' title='bbox 868 3006 905 3069; x_wconf 93' lang='lat' dir='ltr'><strong>ut</strong></span> <span class='ocrx_word' id='word_1_228' title='bbox 928 3023 987 3070; x_wconf 93' lang='lat' dir='ltr'><strong>non</strong></span> <span class='ocrx_word' id='word_1_229' title='bbox 1009 3005 1111 3070; x_wconf 92' lang='lat' dir='ltr'><strong>minus</strong></span> <span class='ocrx_word' id='word_1_230' title='bbox 1135 3025 1153 3070; x_wconf 87' lang='lat' dir='ltr'><strong>a</strong></span> <span class='ocrx_word' id='word_1_231' title='bbox 1174 3005 1300 3088; x_wconf 86' lang='lat' dir='ltr'><strong>peccato</strong></span> <span class='ocrx_word' id='word_1_232' title='bbox 1316 3022 1400 3069; x_wconf 77' lang='lat' dir='ltr'><strong>com</strong></span> 
     </span>
     <span class='ocr_line' id='line_1_27' title="bbox 156 3109 1404 3195; baseline 0.001 -21"><span class='ocrx_word' id='word_1_233' title='bbox 156 3109 309 3174; x_wconf 90' lang='lat' dir='ltr'><strong>mittendo</strong></span> <span class='ocrx_word' id='word_1_234' title='bbox 331 3109 496 3188; x_wconf 84' lang='lat' dir='ltr'><strong>refraenet,</strong></span> <span class='ocrx_word' id='word_1_235' title='bbox 519 3128 612 3193; x_wconf 91' lang='lat' dir='ltr'><strong>quam</strong></span> <span class='ocrx_word' id='word_1_236' title='bbox 634 3109 717 3194; x_wconf 89' lang='lat' dir='ltr'><strong>prior</strong></span> <span class='ocrx_word' id='word_1_237' title='bbox 733 3111 797 3176; x_wconf 90' lang='lat' dir='ltr'><strong>voti</strong></span> <span class='ocrx_word' id='word_1_238' title='bbox 812 3109 956 3195; x_wconf 88' lang='lat' dir='ltr'><strong>materia)</strong></span> <span class='ocrx_word' id='word_1_239' title='bbox 979 3109 1012 3173; x_wconf 94' lang='lat' dir='ltr'><strong>in</strong></span> <span class='ocrx_word' id='word_1_240' title='bbox 1035 3110 1097 3174; x_wconf 91' lang='lat' dir='ltr'><strong>alia</strong></span> <span class='ocrx_word' id='word_1_241' title='bbox 1118 3110 1170 3193; x_wconf 89' lang='lat' dir='ltr'><strong>pia</strong></span> <span class='ocrx_word' id='word_1_242' title='bbox 1193 3111 1225 3176; x_wconf 90' lang='lat' dir='ltr'><strong>et</strong></span> <span class='ocrx_word' id='word_1_243' title='bbox 1248 3109 1404 3175; x_wconf 87' lang='lat' dir='ltr'><strong>salutaria</strong></span> 
     </span>
     <span class='ocr_line' id='line_1_28' title="bbox 157 3213 1398 3298; baseline 0 -20"><span class='ocrx_word' id='word_1_244' title='bbox 157 3231 249 3296; x_wconf 86' lang='lat' dir='ltr'><strong>opera</strong></span> <span class='ocrx_word' id='word_1_245' title='bbox 271 3214 483 3296; x_wconf 80' lang='lat' dir='ltr'><strong>dispensando</strong></span> <span class='ocrx_word' id='word_1_246' title='bbox 506 3220 702 3294; x_wconf 75' lang='lat' dir='ltr'><strong>concaedere,</strong></span> <span class='ocrx_word' id='word_1_247' title='bbox 726 3215 867 3298; x_wconf 90' lang='lat' dir='ltr'><strong>injuncta</strong></span> <span class='ocrx_word' id='word_1_248' title='bbox 888 3213 995 3278; x_wconf 88' lang='lat' dir='ltr'><strong>tamen</strong></span> <span class='ocrx_word' id='word_1_249' title='bbox 1017 3213 1061 3278; x_wconf 90' lang='lat' dir='ltr'><strong>eis</strong></span> <span class='ocrx_word' id='word_1_250' title='bbox 1085 3216 1117 3280; x_wconf 89' lang='lat' dir='ltr'><strong>et</strong></span> <span class='ocrx_word' id='word_1_251' title='bbox 1132 3231 1237 3278; x_wconf 89' lang='lat' dir='ltr'><strong>eorum</strong></span> <span class='ocrx_word' id='word_1_252' title='bbox 1260 3213 1398 3293; x_wconf 88' lang='lat' dir='ltr'><strong>cuilibet,</strong></span> 
     </span>
     <span class='ocr_line' id='line_1_29' title="bbox 157 3317 1398 3401; baseline -0.001 -19"><span class='ocrx_word' id='word_1_253' title='bbox 157 3318 190 3382; x_wconf 91' lang='lat' dir='ltr'><strong>in</strong></span> <span class='ocrx_word' id='word_1_254' title='bbox 212 3317 398 3401; x_wconf 90' lang='lat' dir='ltr'><strong>supradictis</strong></span> <span class='ocrx_word' id='word_1_255' title='bbox 420 3317 579 3398; x_wconf 88' lang='lat' dir='ltr'><strong>omnibus,</strong></span> <span class='ocrx_word' id='word_1_256' title='bbox 596 3319 793 3400; x_wconf 77' lang='lat' dir='ltr'><strong>poenitentia</strong></span> <span class='ocrx_word' id='word_1_257' title='bbox 814 3318 961 3396; x_wconf 63' lang='lat' dir='ltr'><strong>odmari,</strong></span> <span class='ocrx_word' id='word_1_258' title='bbox 993 3318 1128 3401; x_wconf 78' lang='lat' dir='ltr'><strong>altisque</strong></span> <span class='ocrx_word' id='word_1_259' title='bbox 1156 3317 1296 3401; x_wconf 89' lang='lat' dir='ltr'><strong>ejusdem</strong></span> <span class='ocrx_word' id='word_1_260' title='bbox 1325 3335 1398 3382; x_wconf 90' lang='lat' dir='ltr'><strong>oon-</strong></span> 
     </span>
     <span class='ocr_line' id='line_1_30' title="bbox 157 3422 663 3506; baseline -0.002 -18"><span class='ocrx_word' id='word_1_261' title='bbox 157 3422 280 3488; x_wconf 86' lang='lat' dir='ltr'><strong>fessanii</strong></span> <span class='ocrx_word' id='word_1_262' title='bbox 302 3422 432 3489; x_wconf 90' lang='lat' dir='ltr'><strong>arbitrio</strong></span> <span class='ocrx_word' id='word_1_263' title='bbox 455 3422 663 3506; x_wconf 84' lang='lat' dir='ltr'><strong>injungendis.</strong></span> 
     </span>
    </p>

    <p class='ocr_par' dir='ltr' id='par_1_4' title="bbox 158 3524 1404 4339">
     <span class='ocr_line' id='line_1_31' title="bbox 263 3524 1399 3610; baseline -0.002 -17"><span class='ocrx_word' id='word_1_264' title='bbox 263 3525 465 3593; x_wconf 85' lang='lat' dir='ltr'><strong>Concedimus</strong></span> <span class='ocrx_word' id='word_1_265' title='bbox 486 3526 612 3610; x_wconf 92' lang='lat' dir='ltr'><strong>insuper</strong></span> <span class='ocrx_word' id='word_1_266' title='bbox 634 3526 816 3592; x_wconf 84' lang='lat' dir='ltr'><strong>facultatem</strong></span> <span class='ocrx_word' id='word_1_267' title='bbox 841 3524 1038 3610; x_wconf 88' lang='lat' dir='ltr'><strong>dispensandi</strong></span> <span class='ocrx_word' id='word_1_268' title='bbox 1050 3543 1141 3610; x_wconf 90' lang='lat' dir='ltr'><strong>super</strong></span> <span class='ocrx_word' id='word_1_269' title='bbox 1162 3526 1399 3609; x_wconf 68' lang='lat' dir='ltr'><strong>irregularitate</strong></span> 
     </span>
     <span class='ocr_line' id='line_1_32' title="bbox 159 3629 1400 3714; baseline -0.004 -15"><span class='ocrx_word' id='word_1_270' title='bbox 159 3653 198 3699; x_wconf 79' lang='lat' dir='ltr'><strong>ec</strong></span> <span class='ocrx_word' id='word_1_271' title='bbox 218 3631 385 3698; x_wconf 80' lang='lat' dir='ltr'><strong>ctotutioae</strong></span> <span class='ocrx_word' id='word_1_272' title='bbox 407 3650 612 3698; x_wconf 81' lang='lat' dir='ltr'><strong>censurarum</strong></span> <span class='ocrx_word' id='word_1_273' title='bbox 635 3632 811 3709; x_wconf 89' lang='lat' dir='ltr'><strong>contracta,</strong></span> <span class='ocrx_word' id='word_1_274' title='bbox 845 3631 998 3714; x_wconf 90' lang='lat' dir='ltr'><strong>quatenus</strong></span> <span class='ocrx_word' id='word_1_275' title='bbox 1033 3629 1073 3694; x_wconf 89' lang='lat' dir='ltr'><strong>ad</strong></span> <span class='ocrx_word' id='word_1_276' title='bbox 1106 3629 1207 3696; x_wconf 86' lang='lat' dir='ltr'><strong>forum</strong></span> <span class='ocrx_word' id='word_1_277' title='bbox 1240 3631 1400 3695; x_wconf 83' lang='lat' dir='ltr'><strong>externum</strong></span> 
     </span>
     <span class='ocr_line' id='line_1_33' title="bbox 158 3733 1399 3814; baseline -0.004 -11"><span class='ocrx_word' id='word_1_278' title='bbox 158 3757 221 3803; x_wconf 78' lang='lat' dir='ltr'><strong>ruore</strong></span> <span class='ocrx_word' id='word_1_279' title='bbox 242 3736 285 3801; x_wconf 91' lang='lat' dir='ltr'><strong>sit</strong></span> <span class='ocrx_word' id='word_1_280' title='bbox 307 3734 455 3814; x_wconf 85' lang='lat' dir='ltr'><strong>deducta,</strong></span> <span class='ocrx_word' id='word_1_281' title='bbox 482 3735 532 3800; x_wconf 86' lang='lat' dir='ltr'><strong>vel</strong></span> <span class='ocrx_word' id='word_1_282' title='bbox 562 3734 599 3800; x_wconf 93' lang='lat' dir='ltr'><strong>de</strong></span> <span class='ocrx_word' id='word_1_283' title='bbox 629 3734 714 3800; x_wconf 90' lang='lat' dir='ltr'><strong>facili</strong></span> <span class='ocrx_word' id='word_1_284' title='bbox 741 3735 931 3801; x_wconf 81' lang='lat' dir='ltr'><strong>deducenda.</strong></span> <span class='ocrx_word' id='word_1_285' title='bbox 976 3734 1050 3800; x_wconf 89' lang='lat' dir='ltr'><strong>Norc</strong></span> <span class='ocrx_word' id='word_1_286' title='bbox 1074 3733 1264 3812; x_wconf 88' lang='lat' dir='ltr'><strong>intendimus</strong></span> <span class='ocrx_word' id='word_1_287' title='bbox 1294 3735 1399 3799; x_wconf 90' lang='lat' dir='ltr'><strong>autem</strong></span> 
     </span>
     <span class='ocr_line' id='line_1_34' title="bbox 160 3837 1402 3924; baseline -0.003 -18"><span class='ocrx_word' id='word_1_288' title='bbox 160 3859 215 3924; x_wconf 88' lang='lat' dir='ltr'><strong>per</strong></span> <span class='ocrx_word' id='word_1_289' title='bbox 236 3840 411 3922; x_wconf 87' lang='lat' dir='ltr'><strong>praesentes</strong></span> <span class='ocrx_word' id='word_1_290' title='bbox 433 3857 524 3922; x_wconf 90' lang='lat' dir='ltr'><strong>super</strong></span> <span class='ocrx_word' id='word_1_291' title='bbox 549 3839 611 3903; x_wconf 90' lang='lat' dir='ltr'><strong>alia</strong></span> <span class='ocrx_word' id='word_1_292' title='bbox 634 3839 742 3921; x_wconf 84' lang='lat' dir='ltr'><strong>quavis</strong></span> <span class='ocrx_word' id='word_1_293' title='bbox 770 3837 1002 3922; x_wconf 86' lang='lat' dir='ltr'><strong>irregularitate</strong></span> <span class='ocrx_word' id='word_1_294' title='bbox 1026 3838 1089 3903; x_wconf 85' lang='lat' dir='ltr'><strong>sive</strong></span> <span class='ocrx_word' id='word_1_295' title='bbox 1113 3857 1148 3903; x_wconf 86' lang='lat' dir='ltr'><strong>ex</strong></span> <span class='ocrx_word' id='word_1_296' title='bbox 1176 3837 1305 3917; x_wconf 91' lang='lat' dir='ltr'><strong>delicto,</strong></span> <span class='ocrx_word' id='word_1_297' title='bbox 1336 3837 1402 3902; x_wconf 85' lang='lat' dir='ltr'><strong>sine</strong></span> 
     </span>
     <span class='ocr_line' id='line_1_35' title="bbox 161 3941 1402 4026; baseline -0.003 -16"><span class='ocrx_word' id='word_1_298' title='bbox 161 3959 198 4010; x_wconf 80' lang='lat' dir='ltr'><strong>cx</strong></span> <span class='ocrx_word' id='word_1_299' title='bbox 219 3944 355 4022; x_wconf 86' lang='lat' dir='ltr'><strong>deiectu,</strong></span> <span class='ocrx_word' id='word_1_300' title='bbox 384 3943 433 4008; x_wconf 84' lang='lat' dir='ltr'><strong>vel</strong></span> <span class='ocrx_word' id='word_1_301' title='bbox 453 3943 594 4026; x_wconf 89' lang='lat' dir='ltr'><strong>publica,</strong></span> <span class='ocrx_word' id='word_1_302' title='bbox 616 3943 666 4008; x_wconf 85' lang='lat' dir='ltr'><strong>vel</strong></span> <span class='ocrx_word' id='word_1_303' title='bbox 689 3943 823 4022; x_wconf 89' lang='lat' dir='ltr'><strong>occulta,</strong></span> <span class='ocrx_word' id='word_1_304' title='bbox 854 3943 910 4007; x_wconf 90' lang='lat' dir='ltr'><strong>ant</strong></span> <span class='ocrx_word' id='word_1_305' title='bbox 930 3943 1021 4022; x_wconf 89' lang='lat' dir='ltr'><strong>nota,</strong></span> <span class='ocrx_word' id='word_1_306' title='bbox 1050 3942 1171 4026; x_wconf 87' lang='lat' dir='ltr'><strong>aliaque</strong></span> <span class='ocrx_word' id='word_1_307' title='bbox 1194 3941 1402 4025; x_wconf 88' lang='lat' dir='ltr'><strong>incapacitate</strong></span> 
     </span>
     <span class='ocr_line' id='line_1_36' title="bbox 161 4043 1401 4131; baseline -0.002 -18"><span class='ocrx_word' id='word_1_308' title='bbox 161 4056 216 4114; x_wconf 88' lang='lat' dir='ltr'><strong>aut</strong></span> <span class='ocrx_word' id='word_1_309' title='bbox 238 4046 435 4112; x_wconf 88' lang='lat' dir='ltr'><strong>inhabilitate</strong></span> <span class='ocrx_word' id='word_1_310' title='bbox 451 4047 662 4131; x_wconf 88' lang='lat' dir='ltr'><strong>quoquomodo</strong></span> <span class='ocrx_word' id='word_1_311' title='bbox 686 4047 846 4113; x_wconf 89' lang='lat' dir='ltr'><strong>contracta</strong></span> <span class='ocrx_word' id='word_1_312' title='bbox 868 4046 1054 4130; x_wconf 89' lang='lat' dir='ltr'><strong>dispensare,</strong></span> <span class='ocrx_word' id='word_1_313' title='bbox 1077 4047 1127 4112; x_wconf 87' lang='lat' dir='ltr'><strong>vel</strong></span> <span class='ocrx_word' id='word_1_314' title='bbox 1150 4047 1286 4130; x_wconf 89' lang='lat' dir='ltr'><strong>aliquam</strong></span> <span class='ocrx_word' id='word_1_315' title='bbox 1301 4043 1401 4111; x_wconf 90' lang='lat' dir='ltr'><strong>tacul-</strong></span> 
     </span>
     <span class='ocr_line' id='line_1_37' title="bbox 160 4149 1403 4236; baseline -0.003 -19"><span class='ocrx_word' id='word_1_316' title='bbox 160 4152 259 4217; x_wconf 86' lang='lat' dir='ltr'><strong>tatem</strong></span> <span class='ocrx_word' id='word_1_317' title='bbox 281 4150 417 4216; x_wconf 84' lang='lat' dir='ltr'><strong>tribuere</strong></span> <span class='ocrx_word' id='word_1_318' title='bbox 440 4169 531 4234; x_wconf 88' lang='lat' dir='ltr'><strong>super</strong></span> <span class='ocrx_word' id='word_1_319' title='bbox 558 4151 736 4234; x_wconf 88' lang='lat' dir='ltr'><strong>praemissis</strong></span> <span class='ocrx_word' id='word_1_320' title='bbox 766 4151 962 4236; x_wconf 81' lang='lat' dir='ltr'><strong>dispensandi</strong></span> <span class='ocrx_word' id='word_1_321' title='bbox 991 4171 1045 4218; x_wconf 91' lang='lat' dir='ltr'><strong>seu</strong></span> <span class='ocrx_word' id='word_1_322' title='bbox 1074 4150 1279 4229; x_wconf 91' lang='lat' dir='ltr'><strong>habilitandi,</strong></span> <span class='ocrx_word' id='word_1_323' title='bbox 1308 4151 1340 4214; x_wconf 91' lang='lat' dir='ltr'><strong>et</strong></span> <span class='ocrx_word' id='word_1_324' title='bbox 1369 4149 1403 4213; x_wconf 93' lang='lat' dir='ltr'><strong>in</strong></span> 
     </span>
     <span class='ocr_line' id='line_1_38' title="bbox 161 4253 1404 4339; baseline -0.002 -19"><span class='ocrx_word' id='word_1_325' title='bbox 161 4255 328 4339; x_wconf 83' lang='lat' dir='ltr'><strong>pristinum</strong></span> <span class='ocrx_word' id='word_1_326' title='bbox 350 4256 469 4320; x_wconf 90' lang='lat' dir='ltr'><strong>statum</strong></span> <span class='ocrx_word' id='word_1_327' title='bbox 490 4254 687 4333; x_wconf 89' lang='lat' dir='ltr'><strong>restituendi,</strong></span> <span class='ocrx_word' id='word_1_328' title='bbox 710 4254 806 4320; x_wconf 90' lang='lat' dir='ltr'><strong>ctiam</strong></span> <span class='ocrx_word' id='word_1_329' title='bbox 820 4255 853 4320; x_wconf 94' lang='lat' dir='ltr'><strong>in</strong></span> <span class='ocrx_word' id='word_1_330' title='bbox 867 4256 932 4322; x_wconf 88' lang='lat' dir='ltr'><strong>foro</strong></span> <span class='ocrx_word' id='word_1_331' title='bbox 948 4255 1167 4332; x_wconf 89' lang='lat' dir='ltr'><strong>conscientiae;</strong></span> <span class='ocrx_word' id='word_1_332' title='bbox 1190 4275 1285 4336; x_wconf 81' lang='lat' dir='ltr'><strong>cepae</strong></span> <span class='ocrx_word' id='word_1_333' title='bbox 1306 4253 1404 4318; x_wconf 87' lang='lat' dir='ltr'><strong>etiam</strong></span> 
     </span>
    </p>
   </div>
   <div class='ocr_carea' id='block_1_3' title="bbox 29 4357 1403 4460">
    <p class='ocr_par' dir='ltr' id='par_1_5' title="bbox 29 4357 1403 4460">
     <span class='ocr_line' id='line_1_39' title="bbox 29 4357 1403 4460; baseline -0.002 -35"><span class='ocrx_word' id='word_1_334' title='bbox 29 4444 31 4460; x_wconf 22' lang='grc' dir='ltr'><em>Λ</em></span> <span class='ocrx_word' id='word_1_335' title='bbox 158 4360 309 4444; x_wconf 89' lang='lat' dir='ltr'><strong>derogare</strong></span> <span class='ocrx_word' id='word_1_336' title='bbox 333 4357 555 4426; x_wconf 72' lang='lat' dir='ltr'><strong>constitutioni</strong></span> <span class='ocrx_word' id='word_1_337' title='bbox 578 4377 649 4423; x_wconf 91' lang='lat' dir='ltr'><strong>cum</strong></span> <span class='ocrx_word' id='word_1_338' title='bbox 671 4359 819 4442; x_wconf 89' lang='lat' dir='ltr'><strong>appositis</strong></span> <span class='ocrx_word' id='word_1_339' title='bbox 842 4358 1104 4425; x_wconf 87' lang='lat' dir='ltr'><strong>declarationibus</strong></span> <span class='ocrx_word' id='word_1_340' title='bbox 1127 4357 1230 4424; x_wconf 89' lang='lat' dir='ltr'><strong>editae</strong></span> <span class='ocrx_word' id='word_1_341' title='bbox 1246 4357 1403 4422; x_wconf 85' lang='lat' dir='ltr'><strong>aiel.rec.</strong></span> 
     </span>
    </p>
   </div>
   <div class='ocr_carea' id='block_1_4' title="bbox 162 4460 1407 4755">
    <p class='ocr_par' dir='ltr' id='par_1_6' title="bbox 162 4460 1407 4755">
     <span class='ocr_line' id='line_1_40' title="bbox 162 4460 1405 4558; baseline -0.002 -29"><span class='ocrx_word' id='word_1_342' title='bbox 162 4464 332 4530; x_wconf 90' lang='lat' dir='ltr'><strong>Benedicto</strong></span> <span class='ocrx_word' id='word_1_343' title='bbox 353 4463 438 4530; x_wconf 85' lang='lat' dir='ltr'>XIV.</span> <span class='ocrx_word' id='word_1_344' title='bbox 473 4462 710 4528; x_wconf 87' lang='lat' dir='ltr'><strong>Praedeoessore</strong></span> <span class='ocrx_word' id='word_1_345' title='bbox 726 4462 857 4528; x_wconf 73' lang='lat' dir='ltr'><strong>‘Nostro</strong></span> <span class='ocrx_word' id='word_1_346' title='bbox 884 4462 1151 4558; x_wconf 79' lang='lat' dir='ltr'><strong>„Sacramentum</strong></span> <span class='ocrx_word' id='word_1_347' title='bbox 1172 4460 1405 4528; x_wconf 81' lang='lat' dir='ltr'><strong>Poeaiterctr’oc“</strong></span> 
     </span>
     <span class='ocr_line' id='line_1_41' title="bbox 162 4564 1406 4650; baseline -0.002 -18"><span class='ocrx_word' id='word_1_348' title='bbox 162 4568 262 4650; x_wconf 86' lang='lat' dir='ltr'><strong>quoad</strong></span> <span class='ocrx_word' id='word_1_349' title='bbox 292 4567 523 4634; x_wconf 90' lang='lat' dir='ltr'><strong>inhabilitatem</strong></span> <span class='ocrx_word' id='word_1_350' title='bbox 558 4565 735 4632; x_wconf 86' lang='lat' dir='ltr'><strong>absolvendi</strong></span> <span class='ocrx_word' id='word_1_351' title='bbox 768 4566 965 4649; x_wconf 85' lang='lat' dir='ltr'><strong>complicem,</strong></span> <span class='ocrx_word' id='word_1_352' title='bbox 996 4567 1028 4630; x_wconf 91' lang='lat' dir='ltr'><strong>et</strong></span> <span class='ocrx_word' id='word_1_353' title='bbox 1057 4565 1157 4648; x_wconf 88' lang='lat' dir='ltr'><strong>quoad</strong></span> <span class='ocrx_word' id='word_1_354' title='bbox 1184 4564 1406 4648; x_wconf 89' lang='lat' dir='ltr'><strong>obligationem</strong></span> 
     </span>
     <span class='ocr_line' id='line_1_42' title="bbox 162 4667 1407 4755; baseline -0.002 -20"><span class='ocrx_word' id='word_1_355' title='bbox 162 4671 426 4751; x_wconf 85' lang='lat' dir='ltr'><strong>denunciationie;</strong></span> <span class='ocrx_word' id='word_1_356' title='bbox 457 4693 555 4755; x_wconf 76' lang='lat' dir='ltr'><strong>aegea</strong></span> <span class='ocrx_word' id='word_1_357' title='bbox 584 4669 707 4736; x_wconf 89' lang='lat' dir='ltr'><strong>easdem</strong></span> <span class='ocrx_word' id='word_1_358' title='bbox 736 4669 912 4753; x_wconf 87' lang='lat' dir='ltr'><strong>praesentas</strong></span> <span class='ocrx_word' id='word_1_359' title='bbox 942 4668 998 4749; x_wconf 84' lang='lat' dir='ltr'><strong>iis,</strong></span> <span class='ocrx_word' id='word_1_360' title='bbox 1029 4668 1081 4753; x_wconf 90' lang='lat' dir='ltr'><strong>qui</strong></span> <span class='ocrx_word' id='word_1_361' title='bbox 1111 4687 1130 4732; x_wconf 90' lang='lat' dir='ltr'><strong>a</strong></span> <span class='ocrx_word' id='word_1_362' title='bbox 1159 4669 1274 4748; x_wconf 88' lang='lat' dir='ltr'><strong>Nobis,</strong></span> <span class='ocrx_word' id='word_1_363' title='bbox 1305 4668 1338 4732; x_wconf 90' lang='lat' dir='ltr'><strong>et</strong></span> <span class='ocrx_word' id='word_1_364' title='bbox 1366 4667 1407 4733; x_wconf 88' lang='lat' dir='ltr'><strong>ab</strong></span> 
     </span>
    </p>
   </div>
   <div class='ocr_carea' id='block_1_5' title="bbox 0 0 1596 5014">
    <p class='ocr_par' dir='ltr' id='par_1_7' title="bbox 0 0 1596 5014">
     <span class='ocr_line' id='line_1_43' title="bbox 0 0 1596 5014; baseline 0 0"><span class='ocrx_word' id='word_1_365' title='bbox 0 0 1596 5014; x_wconf 95' lang='lat' dir='ltr'><strong> </strong></span> 
     </span>
    </p>
   </div>
  </div>
 </body>
</html>
