3192 5008
164 293 229 367 356
289 311 411 388 Vertite,
429 317 520 382 liltten,
537 317 666 371 Schriften
685 318 735 372 und
754 317 883 374 wbnsche
902 331 961 376 uum
973 322 1096 374 benum.
1116 320 1212 377 concii.
1231 318 1290 386 (ll.)

166 501 241 556 pora,
259 488 352 556 qulbus
369 488 618 555 sedis-toutonem
633 493 692 557 iura
711 505 727 546 a
745 492 882 546 catholicis
906 493 932 548 in
950 491 1054 548 dublum
1071 491 1157 546 romei
1170 491 1289 556 ,contigit
1324 493 1408 547 Nemo

169 580 218 643 est,
235 576 279 642 qui
297 575 405 641 nesciat,
423 574 486 630 sirac
503 587 597 640 coruus
615 578 715 644 absque
734 578 969 641 molemonium,
992 578 1028 632 lta
1050 589 1136 643 neque
1158 577 1298 632 muchium
1319 579 1408 632 Eccle-

163 662 231 718 sirm
258 663 339 714 iotam
366 663 564 724 teotaeseutans
593 662 691 728 absque
718 675 870 717 successore
887 665 912 716 s.
935 663 1002 718 l’etri
1030 663 1121 716 baberi
1147 676 1239 729 nesse,
1267 677 1415 731 omnesque-

168 751 276 810 sauctre
293 747 364 800 sedis
379 747 509 802 mandatis
528 750 719 814 promotissimo
737 749 861 804 obediunt
884 749 978 804 auimo.
1014 751 1154 804 Praeterea
1178 761 1245 816 qnuc
1266 751 1299 804 de
1322 751 1408 806 houd·

167 835 222 890 ocis
239 834 344 888 Romani
359 833 513 890 auctoritate
533 834 650 888 iideiibus
669 835 781 890 tenenda
799 837 863 900 siut,
889 835 1028 890 concillum
1046 835 1222 890 tridentinum
1241 836 1334 901 edixit,
1353 837 1409 890 tto

169 921 302 976 centinum
330 931 445 986 quoque,
473 920 545 986 colus
571 934 602 974 ea
631 923 664 976 de
687 934 716 976 re
744 923 877 976 decretum
905 921 931 975 ln
958 923 1055 976 cunctis
1072 923 1232 988 singulisque
1249 933 1279 976 eo
1297 923 1410 978 sanctius

169 1013 338 1064 conservetur
355 1009 466 1072 ooortet,
485 1009 605 1073 quoniam
624 1009 751 1063 Ecclesiae
769 1009 872 1062 Latinae
888 1011 914 1062 et
929 1007 1043 1064 Graecae
1061 1019 1189 1062 consensu
1206 1007 1346 1062 stubtiltum
1362 1012 1409 1072 esi,

169 1097 247 1160 atque
265 1095 288 1148 ιιι
305 1094 426 1157 motinus
443 1095 476 1148 ad
495 1081 625 1148 delentem
644 1099 681 1148 tot
697 1097 772 1148 malis
789 1105 942 1158 concessum
961 1093 1153 1150 misericordiae
1170 1107 1234 1148 suae
1247 1097 1336 1148 oculos
1349 1105 1410 1148 cou-

170 1184 273 1235 uertere
291 1181 410 1244 dtqnctur
427 1180 528 1233 unionis
547 1181 723 1234 resumendae
741 1181 940 1234 tundamentum
958 1181 1013 1234 erit
1050 1181 1163 1244 Accedit,
1188 1181 1257 1246 quod
1276 1182 1326 1234 hac
1343 1182 1410 1255 teto-

171 1269 270 1330 uesiaie
289 1263 418 1320 Ecclesire
437 1267 560 1320 aduersus
580 1279 633 1322 eos.
659 1267 703 1332 qul
721 1269 749 1322 in
774 1267 925 1330 religionem
953 1270 1075 1331 tauquam
1095 1271 1269 1322 conuentum
1297 1267 1411 1321 humano

164 1354 263 1418 ‚ceneri
282 1353 386 1406 exitiale
405 1359 563 1418 consurgunt
585 1365 671 1418 oligua
688 1354 838 1406 sustinenda
855 1355 888 1406 sit
906 1365 975 1408 ιιοιιι
992 1358 1018 1408 et
1036 1366 1052 1406 a
1070 1353 1178 1407 saeculis
1194 1352 1366 1418 incutientia
1383 1355 1414 1408 ut

173 1441 325 1496 consuetum
344 1439 450 1492 minime
470 1440 587 1494 videatur
606 1439 705 1503 nodulis
724 1439 863 1494 catholicis
882 1443 919 1493 tot
937 1439 1051 1505 undique
1070 1437 1302 1494 machinationibus
1314 1440 1340 1493 ln
1357 1443 1415 1494 teo·

173 1524 299 1578 tationem
316 1523 427 1579 inductis
446 1525 544 1589 majora
564 1538 641 1592 quarn
659 1526 746 1579 Patres
763 1526 903 1580 'tridentini
920 1526 1064 1589 imuonere.
1098 1526 1234 1580 caeterum
1257 1530 1334 1590 oront
1357 1535 1415 1578 cnm

175 1611 245 1664 omni
263 1612 375 1666 Ecclesia
394 1612 525 1668 arthetica
544 1613 711 1666 heilannlnuc
731 1613 839 1666 ellatur:
863 1612 1049 1676 „llehoitiooes
1074 1613 1106 1666 de
1130 1611 1181 1666 hdo
1204 1613 1318 1676 uendent
1339 1624 1415 1678 prae·

175 1697 248 1762 cique
266 1711 300 1752 ex
318 1699 458 1752 traditione
477 1700 618 1764 apostolica
639 1703 665 1752 et
682 1711 810 1754 consensu
828 1695 1015 1752 Ecclesiarum“
1037 1702 1063 1752 et
1086 1699 1203 1764 quamtis
1222 1698 1256 1752 ad
1275 1698 1353 1754 totius
1372 1698 1416 1752 Ec·

165 1785 271 1852 ¹clusine
289 1787 446 1840 senteutiam
466 1786 670 1849 cognoscendam
694 1785 813 1848 synodus
835 1785 986 1841 universatis
1009 1785 1189 1840 brevissimam
1213 1789 1315 1838 sternat
1339 1786 1416 1848 vlam,

176 1875 265 1926 temen
282 1884 299 1924 r
316 1871 475 1926 nobilissimo
494 1871 613 1936 concilio,
633 1873 701 1938 quod
720 1872 830 1936 apostoli
844 1883 900 1924 cum
913 1871 1059 1927 senioribus
1071 1869 1247 1924 hierosolimis
1262 1871 1417 1934 habuerunt,

178 1959 315 2012 Nicaenom
333 1971 417 2025 usque
434 1971 537 2014 errores
561 1960 686 2014 innumeri
710 1960 881 2014 Ecclesiarum
904 1957 1096 2022 qarticultcium
1121 1957 1292 2012 decisionibus
1315 1969 1418 2010 succes·

178 2044 246 2103 roris
263 2045 289 2098 S.
308 2045 522 2111 ietrltotinsqoe
540 2045 669 2102 Ecclesiae
693 2057 822 2100 consensu
845 2046 994 2111 rdorobatts
1019 2040 1146 2110 urniligail
1173 2049 1200 2098 et
1222 2042 1328 2097 extincti
1347 2045 1416 2096 suni.

178 2129 314 2186 indubium
331 2133 372 2184 est
393 2133 460 2198 quod
479 2145 569 2188 omnes
587 2133 678 2186 chtisti
696 2133 787 2187 docies
805 2134 879 2186 sedis
896 2133 1058 2198 duostollcre
1076 2133 1185 2186 decretis
1196 2142 1285 2186 teram
1298 2130 1420 2184 obedien·

179 2217 240 2272 tiam
259 2217 385 2283 debeant,
403 2219 508 2284 insuocr
526 2222 618 2274 eruditi
637 2221 721 2286 nilque
740 2219 786 2274 tiri
805 2221 913 2280 docent,
936 2231 1003 2286 quae
1021 2221 1140 2272 sommus
1165 2217 1283 2272 Pontiiex
1309 2219 1343 2271 de
1368 2217 1421 2271 ilde

179 2303 345 2370 motibusque
372 2319 405 2360 eu
433 2307 558 2360 cathedra
576 2307 684 2372 loquens
702 2307 854 2368 constituat,
877 2307 959 2368 ,etiem
984 2305 1082 2370 absque
1102 2305 1271 2358 decimiacum
1290 2314 1420 2358 consensu

181 2390 414 2457 quomodocunque
439 2394 616 2446 demonstrato
639 2392 822 2456 irretraglbtlla
850 2403 916 2444 esse.
957 2393 1074 2444 Attamen
1097 2390 1200 2444 silentio
1225 2403 1347 2456 premere
1368 2401 1423 2444 uon

181 2477 250 2542 iicet,
268 2490 361 2540 graves
380 2480 547 2534 nibilominus
557 2493 695 2544 superesse
711 2479 879 2534 difficultates
892 2491 924 2532 ert
937 2479 1040 2532 latrum
1054 2478 1181 2532 Ecclesiae
1193 2477 1268 2530 dictis
1281 2477 1423 2542 gestisque,

181 2564 302 2628 genuinis
322 2566 445 2619 historiae
463 2568 622 2620 documentis
642 2571 667 2622 et
685 2568 739 2631 losa
758 2567 875 2620 doctrina
893 2565 1026 2619 Crtbnilca
1044 2570 1151 2630 enatas,
1169 2575 1235 2630 quae
1253 2564 1303 2617 nisi
1321 2563 1424 2627 penitus

183 2652 284 2704 solutae
302 2649 398 2705 luerint
416 2663 580 2718 nequaquam
599 2655 655 2708 herl
673 2656 772 2718 nosset,
791 2656 819 2706 ut
836 2653 953 2708 doctrina
971 2651 1109 2717 praedictis
1132 2651 1225 2705 litteris
1244 2650 1425 2704 commendata

183 2738 278 2802 ooqulo
298 2739 441 2796 christinus
460 2744 588 2806 tamqnam
607 2753 622 2794 s
641 2742 693 2795 heo
712 2743 826 2794 revelato
845 2745 1042 2805 proponeretur.
1078 2741 1172 2792 lerum
1196 2739 1229 2792 ab
1250 2738 1321 2792 bisce
1339 2736 1425 2789 discu-

184 2823 277 2879 ciendis
295 2827 391 2889 reiculo
410 2827 519 2892 rollone,
537 2832 563 2880 et
581 2841 614 2882 ne
633 2827 760 2893 ejusmodi
779 2827 993 2882 deliberationum
1012 2828 1154 2881 necessitas
1178 2825 1253 2880 nobis
1268 2825 1426 2888 *lmqnnaiun

185 2911 385 2968 benevolentiae
403 2915 471 2968 Tuae
488 2914 822 2979 condientesocqttsmos.
859 2915 996 2968 Praeterea
1016 2925 1074 2968 cum
1092 2913 1291 2977 inter'uctlores
1309 2911 1426 2963 nationes

186 2996 331 3052 catholicas
350 3011 458 3055 monere
475 3002 612 3068 episcopali
630 3001 774 3066 fungimur,
799 3013 887 3056 rerum
912 3001 979 3064 aqud
998 3013 1044 3054 eas
1062 3004 1157 3054 stutum
1176 2998 1323 3066 quotidiano
1341 2996 1427 3049 nosci·

186 3095 244 3138 tnne
263 3097 325 3150 nsu;
344 3087 418 3141 uobis
437 3091 523 3144 tutem
543 3089 657 3152 constat,
682 3088 874 3150 delinitionem,
899 3099 965 3152 qnae
984 3088 1145 3151 postulatur,
1171 3084 1302 3150 religionis
1319 3083 1427 3136 inimicis
1505 3125 1510 3134 .

185 3183 254 3224 uota
273 3173 461 3238 conuenturam
481 3185 554 3226 arma
572 3175 605 3226 eri
622 3175 660 3228 rel
679 3173 822 3228 catholicae
847 3175 925 3226 etium
948 3173 1016 3236 rond
1042 3171 1156 3226 meliotis
1179 3179 1258 3226 notae
1277 3170 1345 3224 viros
1361 3167 1428 3221 inti·

187 3257 254 3312 diam
282 3261 615 3329 concitandam,‘certhue
641 3274 730 3316 sumus
756 3273 811 3316 rem
838 3261 863 3314 in
884 3261 984 3325 Entoqa
1011 3259 1103 3312 saltem
1122 3261 1268 3311 nostrarum
1291 3255 1427 3319 regionum

187 3345 319 3408 nubeculis
337 3359 443 3402 causam
461 3351 640 3413 urcebltoram
655 3347 710 3402 sice
722 3350 890 3413 'uraeteutuut
908 3349 934 3402 in
949 3348 1009 3412 iura
1026 3346 1139 3400 Ecclesia
1158 3345 1263 3398 residua
1279 3341 1424 3396 intudendi.

291 3433 360 3500 liaeo
377 3436 509 3490 Eancdtatl
529 3436 597 3488 Tuae
615 3448 646 3488 ec
665 3449 743 3500 quotu
760 3436 890 3488 communi
914 3435 1026 3488 ddeiinm
1045 3433 1114 3486 Patri
1138 3431 1262 3484 debemus
1281 3429 1427 3482 sinceritate

190 3521 354 3582 exposuimus
372 3527 398 3574 et
415 3524 468 3576 Euo
487 3534 623 3588 precemur
643 3524 765 3577 mundato
784 3523 838 3588 liet,
858 3526 885 3574 ot
903 3521 1035 3584 doctrino,
1054 3518 1125 3584 cujus
1143 3519 1304 3570 sanctionem
1328 3516 1427 3580 oetuot,

188 3607 302 3660 concilio
318 3610 486 3664 oecumenico
504 3611 665 3664 discutienda
683 3611 752 3663 haud
771 3611 938 3674 proponatur.

294 3695 428 3748 caeterum
447 3698 479 3750 aci
498 3699 577 3762 uades
596 3700 661 3751 Titos
679 3697 807 3762 provoluti
825 3707 871 3760 oro
889 3693 964 3748 nobis
981 3697 1008 3746 et
1027 3691 1209 3769 qouuiisqaos
1227 3689 1259 3742 ad
1273 3689 1351 3742 heum
1370 3697 1428 3752 uec·

190 3779 320 3836 ducendos
338 3784 490 3850 accepimus,
508 3787 678 3848 connotieam
695 3784 807 3848 petimus
825 3781 1038 3858 benedictionem.
1483 3784 1486 3789 “

314 3868 461 3925 sanctitatis
479 3873 548 3926 Tute
566 3871 740 3926 ilumiiiissiml
759 3869 980 3936 obsequentissimi
1000 3881 1031 3920 rc
1048 3865 1206 3920 devotissimi
1225 3863 1304 3916 servi.
1357 3905 1358 3908 ,

297 3957 332 4010 lm
351 3957 456 4012 Ganzeu
473 3961 555 4021 soilen
578 3961 626 4014 iti
643 3959 775 4022 bischele,
800 3957 925 4010 darunter
940 3955 980 4009 die
998 3953 1201 4008 bedentendsten
1219 3962 1266 4002 aus
1284 3943 1430 4006 Demtscb·

192 4041 270 4096 iared
282 4045 332 4100 und
345 4041 686 4117 (indernich-Utrum
694 4046 766 4098 diese
775 4045 885 4098 idresse
903 4043 1098 4096 untecceicbuet
1110 4041 1205 4103 haben,
1224 4034 1380 4090 namentiicb
1392 4033 1431 4085 die

192 4131 355 4186 Erzhiscitdie
373 4147 423 4187 ton
442 4135 516 4198 Prae,
536 4133 616 4198 wien,
634 4133 743 4197 Olmhio,
762 4131 900 4194 lamberg,
918 4129 1053 4188 munchen,
1069 4125 1188 4188 Kaibesa,
1206 4125 1280 4186 iidin,
1298 4119 1431 4184 salzburc,

191 4218 335 4286 Lembetgq
354 4221 394 4273 die
412 4221 530 4275 hischdie
550 4234 600 4274 ton
619 4221 733 4282 breslau,
750 4217 921 4279 hildesheim,
939 4215 1024 4278 Triec,
1044 4213 1201 4271 denabtilclt,
1221 4210 1312 4270 hlaine,
1330 4207 1432 4259 liciten-

192 4310 268 4370 hurq,
286 4307 435 4371 ingeburg,
452 4310 488 4360 si.
508 4308 606 4372 ociter,
622 4309 727 4370 lavent,
740 4305 817 4368 horit,
835 4305 926 4364 triest,
945 4300 1071 4365 Budweis,
1090 4297 1275 4362 Ebutilrchen,
1287 4295 1432 4347 cressum·

193 4395 262 4458 delu,
275 4395 412 4460 ιιιιιιοιιι,
428 4395 573 4459 lemesvar,
591 4395 734 4457 scathmar,
753 4393 870 4454 Ecrnow,
890 4391 1005 4452 Pemwc,
1024 4388 1099 4448 Ghrc,
1119 4383 1250 4444 cessuria,
1270 4380 1360 4441 crisio,
1377 4377 1432 4432 Lai·

192 4481 267 4543 bach,
284 4481 364 4544 occo,
377 4481 731 4546 hemberq,slebenborqen;
750 4479 791 4532 dle
800 4477 878 4530 liebte
891 4489 942 4530 von
955 4477 1030 4538 trag,
1040 4470 1225 4526 &cohow-und
1237 4459 1433 4530 Mattlnsberaie.

193 4597 226 4608 -
248 4569 401 4627 daromae
419 4565 676 4639 Scbmursenberq
699 4567 749 4622 soll
773 4565 828 4618 sich
851 4564 921 4618 noch
942 4563 969 4614 m
993 4561 1065 4614 einer
1090 4557 1253 4611 hesnnderen
1270 4550 1434 4606 bentschtiit

193 4673 279 4725 trecen
296 4657 597 4722 atezwectntssigtctt
623 4657 696 4708 einer
713 4653 851 4707 bedoition
876 4651 923 4703 der
936 4647 1108 4714 *qhqetilcheo
1125 4639 1323 4699 lluiehibarhelt
1340 4647 1434 4702 ansge-

194 4746 324 4813 sorrcheu
342 4745 434 4798 haben.
470 4745 538 4810 (igi.
557 4744 630 4800 tibin.
650 4743 750 4798 volhsz.
772 4734 959 4794 betulinas.
980 4731 1022 4804 ll.)
1305 4759 1308 4764 ·
