3192 5008
254 225 322 296 ‘354
383 243 506 320 Verirsp,
525 250 615 316 iiten,
634 251 763 305 Schriften
782 251 834 304 und
853 251 982 304 Wilnsrbe
1001 263 1059 306 zum
1079 252 1193 306 brumen.
1212 250 1305 304 concil.
1324 249 1381 313 (il.)

259 432 339 486 quum
355 419 382 476 lu
400 421 478 476 rebus
497 420 557 475 odei
575 426 599 476 et
618 435 718 478 morum
738 436 769 477 ee
787 424 875 478 statutt
894 436 926 476 ac
944 424 1070 490 praecipit
1095 428 1159 488 pute
1185 423 1217 475 ab
1236 423 1356 476 omnibus
1380 422 1493 476 christid-

258 506 358 562 deitbus
376 509 506 562 credenda
524 512 550 562 et
568 511 690 573 tenende,
708 495 807 576 quaeue
827 510 965 575 rejicienda
984 511 1010 564 et
1029 510 1174 565 damneodu
1196 510 1256 564 sint.

361 595 482 652 Rationes
500 597 534 651 ob
553 611 616 662 quas
634 600 699 652 baec
717 599 858 664 propositio
876 602 1023 663 opportuna
1040 597 1190 652 necessarie
1209 599 1337 651 censetur.
1363 583 1367 588 ’

361 681 466 738 Eumeni
485 684 622 748 i’onttiicis
640 684 708 738 beati
727 685 796 737 Petri
815 685 926 750 opostuii
943 685 1115 746 successoris,
1133 683 1159 736 ln
1178 683 1326 738 uniuersam
1349 683 1437 736 curisti
1454 696 1493 735 ec·

258 766 363 820 mium
378 767 571 834 iurisdictionis,
590 771 699 838 ideoque
718 771 795 824 etiem
814 773 926 836 supremi
952 771 1096 836 magisterii
1120 771 1245 835 primatus
1270 769 1295 822 in
1319 769 1400 822 saeris
1419 769 1494 835 serip-

259 853 322 906 turis
341 857 432 918 aperte
450 855 564 910 docetur.

361 939 518 994 Universrtis
537 945 563 996 et
581 946 702 996 constans
721 945 847 998 Ecclesiae
867 944 970 998 traditio
990 947 1041 1000 tum
1062 944 1209 998 recussum
1228 945 1383 998 sanctorum.
1395 943 1494 996 Petrum

258 1025 350 1088 edatis,
367 1029 420 1080 tom
440 1029 610 1092 plurimorum
628 1029 792 1084 conciliorum
811 1030 889 1084 etiem
908 1030 1148 1094 oecumenicorum,
1173 1036 1198 1082 et
1217 1027 1313 1093 agendi
1331 1029 1358 1083 et
1376 1019 1494 1094 tot‘pueudi

257 1113 357 1168 ratione
375 1116 451 1169 docet
475 1117 584 1171 Eumeni
602 1117 729 1170 i’ontidcis
753 1117 850 1181 iudicia
877 1119 909 1171 de
937 1118 998 1171 tidei
1026 1129 1178 1183 morumque
1204 1117 1320 1170 doctrine
1347 1117 1495 1170 irretorms·

259 1197 319 1254 bttta
336 1213 404 1254 esse.
488 1239 492 1248 .
1412 1195 1413 1198 ’

361 1290 585 1346 concutientibus
604 1291 706 1344 breccis
728 1292 754 1342 et
772 1287 876 1354 Latinis,
895 1290 920 1344 in
938 1290 1051 1344 Concilio
1069 1291 1097 1344 ii.
1115 1289 1281 1354 lugdunensi
1305 1287 1418 1343 admissa
1437 1299 1496 1352 pro·
1575 1295 1576 1364 g

258 1373 339 1426 lessio
357 1375 417 1428 tidei
435 1381 482 1440 est,
501 1377 526 1428 in
545 1390 595 1442 pua
614 1377 774 1431 declaratur:
795 1376 938 1440 „subortas
956 1377 1057 1430 deddc
1077 1375 1266 1430 controuersias
1285 1373 1496 1440 debereitomeni
1575 1369 1576 1398 ¹

257 1459 388 1514 Pontidrts
411 1462 507 1526 iudicio
536 1461 663 1516 deiioirt.“
700 1464 728 1515 in
756 1462 901 1532 florentino
927 1463 1014 1516 itidem
1043 1461 1209 1516 oecumenica
1236 1460 1340 1524 synodo
1364 1459 1496 1518 delinitum

257 1537 311 1602 est:
330 1585 347 1612 ,‚
365 1547 507 1602 iiomruum
526 1549 675 1602 Pontidcem
695 1563 752 1602 esse
771 1562 861 1603 verum
874 1550 966 1603 cbristi
979 1549 1112 1614 uicarium,
1131 1548 1258 1612 totiusque
1270 1545 1400 1602 Ecclesiae
1412 1549 1495 1609 caput,

257 1637 285 1686 et
301 1629 630 1711 omniumtcbrtstianorum
649 1639 748 1700 petrem
768 1639 794 1687 et
812 1636 955 1699 doctorem,
973 1641 1000 1688 et
1017 1636 1065 1700 ipsi
1082 1635 1108 1688 iu
1127 1635 1201 1688 beato
1219 1634 1297 1686 i’etro
1316 1632 1439 1696 pascendi
1455 1644 1495 1684 re·

257 1718 335 1784 pendi
353 1732 384 1774 oc
399 1719 562 1782 gubernandi
580 1721 753 1776 universalem
771 1722 910 1775 Ecclesiam
929 1735 945 1774 s
963 1723 1070 1776 bomine
1090 1721 1181 1776 uosiro
1200 1721 1261 1774 tesu
1275 1718 1377 1774 cbristo
1390 1719 1491 1784 plenem

247 1809 412 1872 potestatem
431 1807 552 1862 traditam
570 1806 656 1866 esse.“
690 1809 748 1874 ipsa
768 1821 869 1874 quoque
888 1821 952 1862 seno
971 1809 1037 1862 ratio
1057 1809 1132 1862 ducet
1149 1807 1279 1861 neminem
1297 1810 1368 1860 sture
1381 1817 1456 1870 posse
1469 1805 1493 1858 in

257 1891 316 1949 idei
334 1892 516 1948 communione
535 1907 591 1947 cum
610 1896 721 1948 Ecclesia
739 1897 880 1958 cutboiica,
897 1886 940 1962 poi
959 1895 1014 1960 eiua
1028 1895 1107 1959 capiti
1127 1905 1178 1948 non
1197 1892 1350 1956 consentiat,
1370 1903 1494 1956 unumne

257 1979 414 2044 cogitatione
432 1981 533 2046 quidem
553 1982 690 2034 Ecclesiam
710 1996 724 2035 a
743 1995 790 2034 suo
810 1982 894 2050 capite
913 1993 1037 2046 separare
1056 1969 1140 2034 licent.

360 2071 478 2120 bitumen
497 2068 612 2132 luerunt,
630 2071 708 2134 atoue
727 2069 871 2124 adhucdum
891 2070 963 2130 sunt,
985 2068 1027 2134 poi
1046 2067 1234 2120 catboiicnrum
1259 2064 1361 2136 nomine
1386 2064 1495 2126 glorien-
1575 2083 1576 2086 ¹

256 2151 304 2216 tes,
322 2163 405 2216 eoque
424 2153 501 2206 etiam
520 2154 554 2206 ad
573 2155 733 2208 intirmorum
751 2153 778 2208 in
795 2141 846 2208 tide
864 2155 1002 2220 perniciem
1029 2154 1181 2216 abutentes,
1209 2153 1304 2206 docere
1331 2155 1511 2216 praesumant.

256 2249 314 2290 erm
333 2237 454 2292 euincere
472 2239 670 2294 submissionem
688 2252 752 2306 erga
771 2241 877 2296 Romani
895 2239 1023 2294 i'ontlticls
1041 2239 1229 2302 auctoritatem,
1252 2249 1302 2303 qua
1321 2238 1377 2302 eius
1395 2237 1426 2289 de
1445 2237 1495 2290 tide
1575 2269 1576 2278 κ

256 2325 420 2390 modiusque
439 2326 542 2402 decreta
561 2327 717 2392 obsequioso
737 2330 765 2380 ut
783 2328 865 2393 ciunt,
883 2328 995 2391 silentio,
1013 2327 1069 2380 sine
1087 2327 1188 2379 interno
1207 2325 1300 2377 meotis
1319 2335 1437 2388 assensu,
1453 2325 1496 2376 uei
1575 2349 1576 2388 3

255 2411 398 2476 prorisorte
417 2417 527 2476 lantum,
547 2413 690 2478 usquedum
709 2413 741 2466 de
759 2414 887 2467 Ecclesiae
906 2425 1015 2466 assensu
1035 2415 1076 2466 uei
1095 2413 1213 2465 dissensu
1235 2410 1393 2475 constiterit,
1418 2409 1497 2462 susci·

256 2497 367 2561 plentur.
403 2498 484 2550 Haece
504 2511 580 2562 porro
598 2511 724 2564 peruersa
743 2499 858 2553 doctrina
882 2499 987 2554 Romani
1013 2499 1143 2553 Pontiiicis
1170 2498 1348 2552 auctoritatem
1372 2483 1497 2554 subuerti.

256 2583 316 2638 bdei
335 2584 461 2636 unitatem
481 2585 611 2651 dissipari,
635 2587 767 2640 erroribus
791 2598 909 2650 campum
932 2582 1119 2652 amplissimum
1138 2585 1247 2648 aperiri,
1273 2585 1426 2649 tempusque
1443 2585 1497 2634 lure

255 2672 375 2734 serpendi
392 2672 470 2727 tribui
489 2685 566 2726 nemo
584 2685 634 2726 netu
654 2674 729 2726 uidet.
766 2674 850 2736 Quare
869 2672 998 2738 Episcopi,
1024 2672 1172 2727 csirboilcoe
1196 2671 1313 2723 vertistis
1331 2669 1451 2724 custodes
1471 2673 1499 2722 et

256 2756 377 2821 vindices,
396 2759 436 2810 bis
455 2758 615 2822 potissimum
634 2761 793 2822 temporibus
818 2761 916 2814 connisi
934 2763 995 2814 sont
1020 2765 1046 2812 ut
1070 2769 1219 2822 supremam
1244 2759 1400 2821 apostolicae
1424 2756 1498 2808 Sedis

256 2843 364 2903 docendi
383 2846 562 2900 auctoritatem
581 2847 747 2910 synodalibus
767 2841 921 2912 praesertim
949 2847 1058 2900 decretis
1086 2847 1112 2898 et
1140 2845 1316 2899 coosrounibos
1341 2842 1499 2904 testimoniis

254 2935 398 2985 tuerentur.
434 2927 497 2997 [Cir.
516 2931 610 2986 concil.
629 2933 741 2996 provinc.
762 2933 851 2988 coion.
870 2947 892 2986 a.
905 2934 980 2997 todo,
1000 2933 1074 2986 beer.
1093 2933 1119 2986 P.
1136 2933 1154 2986 i.
1174 2945 1196 2984 c.
1215 2928 1269 3000 ib]

358 3019 411 3082 Quo
429 3018 573 3072 euidentius
591 3032 654 3074 uero
673 3021 804 3074 catboiica
822 3023 918 3074 veritus
936 3015 1156 3084 praedicebatur,
1173 3033 1203 3072 eo
1227 3017 1418 3080 uehementius,
1443 3020 1499 3070 tum

254 3105 346 3178 iibeitis
374 3118 448 3170 quam
477 3105 697 3172 ephemeridibus,
724 3109 871 3170 nuperrime
899 3108 1048 3172 impugnata
1068 3109 1122 3170 est,
1148 3109 1178 3159 ut
1205 3105 1349 3162 catholicus
1376 3103 1499 3168 populus,
1575 3109 1576 3116 ¹

255 3195 346 3246 eontra
364 3204 454 3246 sanam
473 3193 616 3246 doctrinam
635 3200 856 3261 commoreretur,
878 3195 986 3261 ipseque
1004 3195 1125 3247 vaticana
1151 3193 1268 3256 synodus
1293 3193 1325 3245 ab
1344 3202 1375 3244 ea
1394 3190 1499 3256 procla·
1575 3215 1576 3218 κ

256 3279 350 3334 menda
366 3279 566 3335 absterreretur.

357 3384 449 3448 Quare,
468 3383 489 3436 si
507 3386 584 3436 antea
602 3385 635 3438 de
653 3384 848 3448 opportunitate
864 3384 938 3438 istius
957 3383 1088 3438 doctrinae
1112 3383 1139 3438 in
1164 3384 1212 3436 boc
1236 3383 1402 3437 oecumenico
1428 3381 1500 3437 cun·

253 3469 310 3522 citio
329 3469 534 3532 pronuntiandus
551 3483 567 3523 a
586 3470 830 3535 pluribus-dubitari
849 3472 933 3524 adbuc
951 3472 1046 3536 potuit,
1072 3483 1139 3524 nunc
1164 3483 1222 3524 eam
1244 3470 1352 3524 delinire
1372 3483 1499 3524 necessu·

253 3557 320 3610 riom
339 3567 447 3619 prorsus
465 3556 574 3616 uidetur.
602 3559 739 3618 ‚cotbotica
758 3559 828 3612 enim
852 3559 970 3613 doctrina
998 3557 1090 3612 iisdem
1109 3559 1194 3622 ,piane
1221 3557 1382 3621 argumentis
1410 3555 1500 3610 denuo

252 3642 392 3706 impetitur,
410 3643 502 3706 ouibus
522 3645 581 3698 otim
601 3646 718 3698 nomines
737 3645 842 3711 proprio
856 3646 949 3710 iudicio
968 3645 1144 3709 condemnati,
1164 3643 1290 3698 aduersus
1308 3656 1366 3697 eam
1386 3643 1501 3696 uteban-

253 3733 305 3793 tur,
322 3729 420 3796 quibus,
438 3731 461 3783 si
480 3735 631 3796 urgeantur,
648 3733 704 3796 lpse
717 3733 823 3786 Romani
837 3733 964 3786 Pontiiicis
979 3733 1112 3796 primatus,
1131 3731 1308 3796 Ecclesiaeoue
1325 3730 1502 3783 intuliibiiitas

253 3817 449 3882 pessumdatur,
471 3822 502 3891 ,et
529 3819 620 3884 quibm
647 3831 726 3883 saepe
750 3819 889 3874 deterrima
907 3821 1021 3872 convicia
1041 3821 1130 3872 contre
1151 3817 1319 3882 apostolicam
1336 3817 1429 3868 sedem
1451 3818 1503 3869 ad·

252 3903 401 3958 miscentur.
438 3905 519 3958 immo
537 3907 697 3959 acerbissimi
716 3907 862 3960 tiatboiicse
881 3906 1013 3959 doctrines
1037 3905 1248 3969 impugnatores,
1270 3905 1329 3956 iicet
1348 3902 1503 3958 catholicos
1575 3907 1576 3914 ’

168 4004 172 4013 ·
252 4003 281 4042 se
299 3991 405 4054 dicant,
424 3991 554 4066 biniersre
580 4004 633 4046 non
662 3993 826 4058 erubescunt,
854 3993 1028 4046 Florentinum
1047 3994 1194 4056 synodum,
1222 3999 1369 4055 supremum
1386 3989 1503 4044 Romani
1575 3983 1576 4058 ζ

186 4143 188 4148 ,
251 4077 381 4132 loutidcis
399 4079 579 4134 auctoritatem
597 4079 798 4136 luculentissime
816 4080 989 4146 profitentem,
1010 4081 1199 4134 oecumenicam
1217 4091 1270 4132 non
1289 4079 1379 4132 luisse.

218 4251 221 4254 ‚
356 4182 380 4233 Si
399 4179 478 4245 igitur
496 4181 634 4236 condilum
652 4183 810 4248 viticusum,
828 4185 894 4238 adeo
912 4187 1088 4249 provocatum,
1107 4187 1204 4237 luceret
1224 4189 1250 4237 et
1264 4182 1413 4236 catholicae
1433 4183 1505 4235 doc·
1575 4179 1576 4210 ³

251 4267 526 4345 irincetesttmonium
554 4268 617 4322 dare
644 4267 804 4334 negligeret,
831 4273 894 4322 tunc
919 4270 1066 4324 catholicus
1095 4258 1204 4334 populus
1232 4271 1264 4322 de
1291 4281 1355 4322 vere
1373 4269 1504 4322 doctrino
1575 4259 1576 4326 Ϊ

249 4367 344 4419 reapse
362 4355 480 4408 dubitare
498 4355 631 4422 inciperet,
648 4357 772 4411 neoterici
788 4361 875 4418 eutem
894 4357 1036 4422 gloriantes
1060 4367 1222 4422 assererent,
1242 4357 1380 4412 concilium
1399 4355 1435 4410 ob
1458 4368 1507 4409 ar·

250 4445 374 4506 gumenta
394 4443 426 4494 ab
445 4443 506 4506 ipsis
525 4443 603 4496 allate
621 4443 730 4498 siluisse.
766 4443 909 4508 Quinimmo
928 4444 1032 4498 silentio
1058 4445 1108 4498 boc
1134 4457 1239 4509 semper
1264 4444 1452 4506 abuterentur,
1474 4452 1510 4498 ut
1575 4451 1576 4500 t

250 4529 409 4598 spostolicse
427 4529 497 4582 sedis
511 4529 612 4594 judiciis
631 4535 656 4584 et
674 4530 788 4586 decretis
813 4533 880 4586 circa
899 4533 978 4588 tidem
996 4537 1022 4586 et
1041 4545 1127 4586 mores
1147 4535 1233 4598 patum
1252 4533 1429 4588 obedientiam
1452 4547 1509 4587 ne·
1575 4513 1576 4606 i

247 4619 353 4680 guent,
369 4617 418 4670 sub
437 4620 574 4687 praetentu
593 4619 660 4686 quod
680 4619 810 4680 Romanus
829 4619 946 4673 Pontifex
962 4620 989 4676 iu
1008 4619 1133 4688 ejusmodi
1149 4620 1251 4694 tudiciis
1269 4619 1324 4674 lolli
1342 4619 1472 4688 potuerit.
1575 4609 1576 4684 i
