<?xml version="1.0" encoding="UTF-8"?>
<!DOCTYPE html PUBLIC "-//W3C//DTD XHTML 1.0 Transitional//EN"
    "http://www.w3.org/TR/xhtml1/DTD/xhtml1-transitional.dtd">
<html xmlns="http://www.w3.org/1999/xhtml" xml:lang="en" lang="en">
 <head>
  <title>
</title>
<meta http-equiv="Content-Type" content="text/html;charset=utf-8" />
  <meta name='ocr-system' content='tesseract 3.04.00' />
  <meta name='ocr-capabilities' content='ocr_page ocr_carea ocr_par ocr_line ocrx_word'/>
</head>
<body>
  <div class='ocr_page' id='page_1' title='image "./archivfrkatholi06jurigoog/archivfrkatholi06jurigoog_0483.png"; bbox 0 0 3160 5010; ppageno 0'>
   <div class='ocr_carea' id='block_1_1' title="bbox 261 343 1394 430">
    <p class='ocr_par' dir='ltr' id='par_1_1' title="bbox 261 343 1394 430">
     <span class='ocr_line' id='line_1_1' title="bbox 261 343 1394 430; baseline -0.006 -11"><span class='ocrx_word' id='word_1_1' title='bbox 261 399 267 409; x_wconf 84' lang='lat'>.</span> <span class='ocrx_word' id='word_1_2' title='bbox 391 364 519 428; x_wconf 74' lang='lat' dir='ltr'><strong>Responsa</strong></span> <span class='ocrx_word' id='word_1_3' title='bbox 539 367 619 430; x_wconf 86' lang='lat' dir='ltr'><strong>princ.</strong></span> <span class='ocrx_word' id='word_1_4' title='bbox 635 357 677 430; x_wconf 39' lang='lat' dir='ltr'><strong>&#39;epa</strong></span> <span class='ocrx_word' id='word_1_5' title='bbox 697 362 912 420; x_wconf 72' lang='lat' dir='ltr'><strong>wratislaviensis</strong></span> <span class='ocrx_word' id='word_1_6' title='bbox 931 363 969 423; x_wconf 88' lang='lat' dir='ltr'><strong>(a.</strong></span> <span class='ocrx_word' id='word_1_7' title='bbox 991 359 1079 429; x_wconf 81' lang='lat' dir='ltr'><strong>isos.)</strong></span> <span class='ocrx_word' id='word_1_8' title='bbox 1286 343 1350 410; x_wconf 79' lang='grc'><strong>469</strong></span> <span class='ocrx_word' id='word_1_9' title='bbox 1392 409 1394 412; x_wconf 84' lang='grc'><strong>,</strong></span> 
     </span>
    </p>
   </div>
   <div class='ocr_carea' id='block_1_2' title="bbox 97 531 1435 3558">
    <p class='ocr_par' dir='ltr' id='par_1_2' title="bbox 97 531 1435 3558">
     <span class='ocr_line' id='line_1_2' title="bbox 102 531 1350 625; baseline -0.002 -18"><span class='ocrx_word' id='word_1_10' title='bbox 102 541 154 607; x_wconf 86' lang='lat' dir='ltr'><strong>est</strong></span> <span class='ocrx_word' id='word_1_11' title='bbox 177 539 225 606; x_wconf 87' lang='lat' dir='ltr'><strong>vel</strong></span> <span class='ocrx_word' id='word_1_12' title='bbox 249 539 373 624; x_wconf 88' lang='lat' dir='ltr'><strong>propter</strong></span> <span class='ocrx_word' id='word_1_13' title='bbox 396 531 536 624; x_wconf 86' lang='lat' dir='ltr'><strong>copulam</strong></span> <span class='ocrx_word' id='word_1_14' title='bbox 570 541 775 607; x_wconf 88' lang='lat' dir='ltr'><strong>incestuosam</strong></span> <span class='ocrx_word' id='word_1_15' title='bbox 809 541 909 625; x_wconf 88' lang='lat' dir='ltr'><strong>spatio</strong></span> <span class='ocrx_word' id='word_1_16' title='bbox 931 537 1012 606; x_wconf 87' lang='lat' dir='ltr'><strong>inter</strong></span> <span class='ocrx_word' id='word_1_17' title='bbox 1035 537 1288 624; x_wconf 69' lang='lat' dir='ltr'><strong>supplicationem</strong></span> <span class='ocrx_word' id='word_1_18' title='bbox 1318 539 1350 606; x_wconf 93' lang='lat' dir='ltr'><strong>et</strong></span> 
     </span>
     <span class='ocr_line' id='line_1_3' title="bbox 101 643 1398 729; baseline -0.003 -16"><span class='ocrx_word' id='word_1_19' title='bbox 101 644 317 720; x_wconf 74' lang='lat' dir='ltr'><strong>executionem</strong></span> <span class='ocrx_word' id='word_1_20' title='bbox 342 644 579 729; x_wconf 88' lang='lat' dir='ltr'><strong>dispensationis</strong></span> <span class='ocrx_word' id='word_1_21' title='bbox 608 645 710 713; x_wconf 89' lang='lat' dir='ltr'><strong>medio</strong></span> <span class='ocrx_word' id='word_1_22' title='bbox 739 645 994 722; x_wconf 85' lang='lat' dir='ltr'><strong>intervenientem</strong></span> <span class='ocrx_word' id='word_1_23' title='bbox 1024 643 1229 726; x_wconf 86' lang='lat' dir='ltr'><strong>invalidatur,</strong></span> <span class='ocrx_word' id='word_1_24' title='bbox 1259 649 1294 709; x_wconf 80' lang='lat' dir='ltr'><strong>ct</strong></span> <span class='ocrx_word' id='word_1_25' title='bbox 1314 645 1349 728; x_wconf 84' lang='lat' dir='ltr'><strong>d)</strong></span> <span class='ocrx_word' id='word_1_26' title='bbox 1397 667 1398 670; x_wconf 43' lang='lat'>¹</span> 
     </span>
     <span class='ocr_line' id='line_1_4' title="bbox 102 749 1348 834; baseline -0.003 -16"><span class='ocrx_word' id='word_1_27' title='bbox 102 751 236 834; x_wconf 88' lang='lat' dir='ltr'><strong>denique</strong></span> <span class='ocrx_word' id='word_1_28' title='bbox 261 749 484 834; x_wconf 77' lang='lat' dir='ltr'><strong>irregularitas</strong></span> <span class='ocrx_word' id='word_1_29' title='bbox 508 770 543 816; x_wconf 84' lang='lat' dir='ltr'><strong>ex</strong></span> <span class='ocrx_word' id='word_1_30' title='bbox 565 751 763 818; x_wconf 89' lang='lat' dir='ltr'><strong>matrimonio</strong></span> <span class='ocrx_word' id='word_1_31' title='bbox 793 751 1018 818; x_wconf 87' lang='lat' dir='ltr'><strong>haeretieorum</strong></span> <span class='ocrx_word' id='word_1_32' title='bbox 1047 749 1143 816; x_wconf 84' lang='lat' dir='ltr'><strong>mixto</strong></span> <span class='ocrx_word' id='word_1_33' title='bbox 1173 749 1348 834; x_wconf 89' lang='lat' dir='ltr'><strong>genitorum</strong></span> 
     </span>
     <span class='ocr_line' id='line_1_5' title="bbox 102 855 1289 921; baseline -0.001 -1"><span class='ocrx_word' id='word_1_34' title='bbox 102 855 294 921; x_wconf 75' lang='lat' dir='ltr'><strong>eliminetur.</strong></span> <span class='ocrx_word' id='word_1_35' title='bbox 1285 898 1289 902; x_wconf 92' lang='lat'>-</span> 
     </span>
     <span class='ocr_line' id='line_1_6' title="bbox 207 955 1348 1046; baseline -0.003 -23"><span class='ocrx_word' id='word_1_36' title='bbox 207 957 329 1025; x_wconf 82' lang='lat' dir='ltr'><strong>Salutio</strong></span> <span class='ocrx_word' id='word_1_37' title='bbox 352 959 482 1025; x_wconf 89' lang='lat' dir='ltr'><strong>tandem</strong></span> <span class='ocrx_word' id='word_1_38' title='bbox 508 961 687 1027; x_wconf 87' lang='lat' dir='ltr'><strong>authentica</strong></span> <span class='ocrx_word' id='word_1_39' title='bbox 708 961 877 1046; x_wconf 90' lang='lat' dir='ltr'><strong>requiritur</strong></span> <span class='ocrx_word' id='word_1_40' title='bbox 898 960 990 1026; x_wconf 90' lang='lat' dir='ltr'><strong>istius</strong></span> <span class='ocrx_word' id='word_1_41' title='bbox 1002 958 1097 1035; x_wconf 85' lang='lat' dir='ltr'><strong>dubii,</strong></span> <span class='ocrx_word' id='word_1_42' title='bbox 1121 976 1193 1022; x_wconf 90' lang='lat' dir='ltr'><strong>num</strong></span> <span class='ocrx_word' id='word_1_43' title='bbox 1206 955 1348 1022; x_wconf 88' lang='lat' dir='ltr'><strong>lectionis</strong></span> 
     </span>
     <span class='ocr_line' id='line_1_7' title="bbox 100 1060 1345 1150; baseline -0.004 -22"><span class='ocrx_word' id='word_1_44' title='bbox 100 1067 134 1129; x_wconf 89' lang='lat' dir='ltr'><strong>et</strong></span> <span class='ocrx_word' id='word_1_45' title='bbox 155 1062 335 1129; x_wconf 76' lang='lat' dir='ltr'><strong>retentionis</strong></span> <span class='ocrx_word' id='word_1_46' title='bbox 359 1063 510 1130; x_wconf 86' lang='lat' dir='ltr'><strong>librorum</strong></span> <span class='ocrx_word' id='word_1_47' title='bbox 532 1065 632 1132; x_wconf 86' lang='lat' dir='ltr'><strong>Indici</strong></span> <span class='ocrx_word' id='word_1_48' title='bbox 653 1066 872 1150; x_wconf 78' lang='lat' dir='ltr'><strong>inscriptorum</strong></span> <span class='ocrx_word' id='word_1_49' title='bbox 903 1065 937 1130; x_wconf 92' lang='lat' dir='ltr'><strong>in</strong></span> <span class='ocrx_word' id='word_1_50' title='bbox 960 1062 1127 1130; x_wconf 83' lang='lat' dir='ltr'><strong>Germania</strong></span> <span class='ocrx_word' id='word_1_51' title='bbox 1157 1079 1215 1126; x_wconf 91' lang='lat' dir='ltr'><strong>non</strong></span> <span class='ocrx_word' id='word_1_52' title='bbox 1246 1060 1345 1125; x_wconf 89' lang='lat' dir='ltr'><strong>solnm</strong></span> 
     </span>
     <span class='ocr_line' id='line_1_8' title="bbox 100 1165 1343 1254; baseline -0.005 -21"><span class='ocrx_word' id='word_1_53' title='bbox 100 1169 208 1234; x_wconf 89' lang='lat' dir='ltr'><strong>reatus</strong></span> <span class='ocrx_word' id='word_1_54' title='bbox 230 1168 350 1252; x_wconf 90' lang='lat' dir='ltr'><strong>peceati</strong></span> <span class='ocrx_word' id='word_1_55' title='bbox 374 1167 416 1234; x_wconf 87' lang='lat' dir='ltr'><strong>sit</strong></span> <span class='ocrx_word' id='word_1_56' title='bbox 438 1170 573 1253; x_wconf 88' lang='lat' dir='ltr'><strong>sequela,</strong></span> <span class='ocrx_word' id='word_1_57' title='bbox 596 1169 650 1236; x_wconf 90' lang='lat' dir='ltr'><strong>sed</strong></span> <span class='ocrx_word' id='word_1_58' title='bbox 674 1169 953 1254; x_wconf 69' lang='lat' dir='ltr'><strong>ecrameapropte</strong></span> <span class='ocrx_word' id='word_1_59' title='bbox 970 1167 1124 1238; x_wconf 81' lang='lat' dir='ltr'><strong>Censurae</strong></span> <span class='ocrx_word' id='word_1_60' title='bbox 1147 1165 1343 1232; x_wconf 87' lang='lat' dir='ltr'><strong>incurrantur</strong></span> 
     </span>
     <span class='ocr_line' id='line_1_9' title="bbox 99 1269 1344 1360; baseline -0.004 -21"><span class='ocrx_word' id='word_1_61' title='bbox 99 1272 338 1340; x_wconf 88' lang='lat' dir='ltr'><strong>ecclesiasticae.</strong></span> <span class='ocrx_word' id='word_1_62' title='bbox 396 1273 520 1342; x_wconf 78' lang='lat' dir='ltr'><strong>Etenim</strong></span> <span class='ocrx_word' id='word_1_63' title='bbox 554 1275 714 1342; x_wconf 89' lang='lat' dir='ltr'><strong>doctorum</strong></span> <span class='ocrx_word' id='word_1_64' title='bbox 748 1276 807 1342; x_wconf 91' lang='lat' dir='ltr'><strong>hac</strong></span> <span class='ocrx_word' id='word_1_65' title='bbox 840 1294 931 1360; x_wconf 91' lang='lat' dir='ltr'><strong>super</strong></span> <span class='ocrx_word' id='word_1_66' title='bbox 964 1272 1143 1358; x_wconf 89' lang='lat' dir='ltr'><strong>quaestione</strong></span> <span class='ocrx_word' id='word_1_67' title='bbox 1175 1269 1209 1334; x_wconf 91' lang='lat' dir='ltr'><strong>in</strong></span> <span class='ocrx_word' id='word_1_68' title='bbox 1242 1270 1344 1336; x_wconf 86' lang='lat' dir='ltr'><strong>varias</strong></span> 
     </span>
     <span class='ocr_line' id='line_1_10' title="bbox 100 1379 1263 1462; baseline 0.008 -20"><span class='ocrx_word' id='word_1_69' title='bbox 100 1379 217 1443; x_wconf 89' lang='lat' dir='ltr'><strong>abeunt</strong></span> <span class='ocrx_word' id='word_1_70' title='bbox 239 1379 343 1461; x_wconf 89' lang='lat' dir='ltr'><strong>partes</strong></span> <span class='ocrx_word' id='word_1_71' title='bbox 365 1379 531 1462; x_wconf 83' lang='lat' dir='ltr'><strong>opiniones,</strong></span> <span class='ocrx_word' id='word_1_72' title='bbox 1256 1426 1263 1444; x_wconf 80' lang='lat'><em>.</em></span> 
     </span>
     <span class='ocr_line' id='line_1_11' title="bbox 206 1479 1344 1565; baseline -0.004 -18"><span class='ocrx_word' id='word_1_73' title='bbox 206 1481 493 1550; x_wconf 78' lang='lat' dir='ltr'><strong>Obsemantissimis</strong></span> <span class='ocrx_word' id='word_1_74' title='bbox 524 1484 608 1549; x_wconf 90' lang='lat' dir='ltr'><strong>hisce</strong></span> <span class='ocrx_word' id='word_1_75' title='bbox 638 1483 754 1549; x_wconf 87' lang='lat' dir='ltr'><strong>litteris</strong></span> <span class='ocrx_word' id='word_1_76' title='bbox 781 1485 875 1550; x_wconf 90' lang='lat' dir='ltr'><strong>finem</strong></span> <span class='ocrx_word' id='word_1_77' title='bbox 904 1485 1005 1549; x_wconf 87' lang='lat' dir='ltr'><strong>lacere</strong></span> <span class='ocrx_word' id='word_1_78' title='bbox 1028 1500 1088 1547; x_wconf 92' lang='lat' dir='ltr'><strong>non</strong></span> <span class='ocrx_word' id='word_1_79' title='bbox 1110 1495 1245 1565; x_wconf 89' lang='lat' dir='ltr'><strong>possum,</strong></span> <span class='ocrx_word' id='word_1_80' title='bbox 1268 1479 1344 1562; x_wconf 89' lang='lat' dir='ltr'><strong>quin</strong></span> 
     </span>
     <span class='ocr_line' id='line_1_12' title="bbox 99 1581 1344 1674; baseline -0.005 -22"><span class='ocrx_word' id='word_1_81' title='bbox 99 1586 251 1655; x_wconf 86' lang='lat' dir='ltr'><strong>submisse</strong></span> <span class='ocrx_word' id='word_1_82' title='bbox 275 1589 306 1654; x_wconf 89' lang='lat' dir='ltr'><strong>et</strong></span> <span class='ocrx_word' id='word_1_83' title='bbox 329 1589 463 1674; x_wconf 83' lang='lat' dir='ltr'><strong>ingenue</strong></span> <span class='ocrx_word' id='word_1_84' title='bbox 487 1606 574 1654; x_wconf 90' lang='lat' dir='ltr'><strong>sensa</strong></span> <span class='ocrx_word' id='word_1_85' title='bbox 598 1608 667 1656; x_wconf 90' lang='lat' dir='ltr'><strong>mea</strong></span> <span class='ocrx_word' id='word_1_86' title='bbox 689 1589 823 1674; x_wconf 89' lang='lat' dir='ltr'><strong>pandam</strong></span> <span class='ocrx_word' id='word_1_87' title='bbox 846 1589 884 1655; x_wconf 90' lang='lat' dir='ltr'><strong>de</strong></span> <span class='ocrx_word' id='word_1_88' title='bbox 907 1587 1019 1654; x_wconf 90' lang='lat' dir='ltr'><strong>notitia</strong></span> <span class='ocrx_word' id='word_1_89' title='bbox 1042 1606 1096 1670; x_wconf 90' lang='lat' dir='ltr'><strong>per</strong></span> <span class='ocrx_word' id='word_1_90' title='bbox 1124 1581 1344 1668; x_wconf 89' lang='lat' dir='ltr'><strong>Ephemerides</strong></span> 
     </span>
     <span class='ocr_line' id='line_1_13' title="bbox 98 1685 1342 1780; baseline -0.006 -23"><span class='ocrx_word' id='word_1_91' title='bbox 98 1691 284 1777; x_wconf 86' lang='lat' dir='ltr'><strong>pervulgata</strong></span> <span class='ocrx_word' id='word_1_92' title='bbox 307 1712 398 1778; x_wconf 88' lang='lat' dir='ltr'><strong>super</strong></span> <span class='ocrx_word' id='word_1_93' title='bbox 418 1694 613 1760; x_wconf 90' lang='lat' dir='ltr'><strong>oecumenico</strong></span> <span class='ocrx_word' id='word_1_94' title='bbox 636 1695 765 1762; x_wconf 88' lang='lat' dir='ltr'><strong>coneilio</strong></span> <span class='ocrx_word' id='word_1_95' title='bbox 787 1693 923 1780; x_wconf 87' lang='lat' dir='ltr'><strong>proxime</strong></span> <span class='ocrx_word' id='word_1_96' title='bbox 938 1686 1052 1760; x_wconf 83' lang='lat' dir='ltr'><strong>iuturo‘.</strong></span> <span class='ocrx_word' id='word_1_97' title='bbox 1077 1685 1342 1774; x_wconf 82' lang='lat' dir='ltr'><strong>Quemadmodum</strong></span> 
     </span>
     <span class='ocr_line' id='line_1_14' title="bbox 99 1791 1341 1885; baseline -0.004 -24"><span class='ocrx_word' id='word_1_98' title='bbox 99 1795 130 1862; x_wconf 84' lang='lat' dir='ltr'><strong>S.</strong></span> <span class='ocrx_word' id='word_1_99' title='bbox 156 1797 351 1866; x_wconf 78' lang='lat' dir='ltr'><strong>Catholicam</strong></span> <span class='ocrx_word' id='word_1_100' title='bbox 376 1800 407 1864; x_wconf 90' lang='lat' dir='ltr'><strong>et</strong></span> <span class='ocrx_word' id='word_1_101' title='bbox 429 1798 539 1882; x_wconf 87' lang='lat' dir='ltr'><strong>Apost.</strong></span> <span class='ocrx_word' id='word_1_102' title='bbox 563 1800 651 1866; x_wconf 84' lang='lat' dir='ltr'><strong>Rem.</strong></span> <span class='ocrx_word' id='word_1_103' title='bbox 675 1800 848 1867; x_wconf 89' lang='lat' dir='ltr'><strong>Ecclesiam</strong></span> <span class='ocrx_word' id='word_1_104' title='bbox 870 1817 1003 1885; x_wconf 90' lang='lat' dir='ltr'><strong>agnosco</strong></span> <span class='ocrx_word' id='word_1_105' title='bbox 1032 1797 1230 1878; x_wconf 81' lang='lat' dir='ltr'><strong>Romanoque</strong></span> <span class='ocrx_word' id='word_1_106' title='bbox 1257 1791 1341 1858; x_wconf 89' lang='lat' dir='ltr'><strong>Pon-</strong></span> 
     </span>
     <span class='ocr_line' id='line_1_15' title="bbox 99 1893 1342 1989; baseline -0.003 -24"><span class='ocrx_word' id='word_1_107' title='bbox 99 1899 177 1966; x_wconf 87' lang='lat' dir='ltr'><strong>tifici</strong></span> <span class='ocrx_word' id='word_1_108' title='bbox 200 1901 236 1966; x_wconf 91' lang='lat' dir='ltr'><strong>B.</strong></span> <span class='ocrx_word' id='word_1_109' title='bbox 251 1901 338 1968; x_wconf 92' lang='lat' dir='ltr'><strong>Petri</strong></span> <span class='ocrx_word' id='word_1_110' title='bbox 350 1903 568 1986; x_wconf 77' lang='lat' dir='ltr'><strong>Apostolorum</strong></span> <span class='ocrx_word' id='word_1_111' title='bbox 583 1904 730 1989; x_wconf 91' lang='lat' dir='ltr'><strong>principis</strong></span> <span class='ocrx_word' id='word_1_112' title='bbox 752 1905 919 1971; x_wconf 84' lang='lat' dir='ltr'><strong>successori</strong></span> <span class='ocrx_word' id='word_1_113' title='bbox 943 1922 978 1970; x_wconf 89' lang='lat' dir='ltr'><strong>ac</strong></span> <span class='ocrx_word' id='word_1_114' title='bbox 993 1903 1070 1969; x_wconf 86' lang='lat' dir='ltr'><strong>Jesu</strong></span> <span class='ocrx_word' id='word_1_115' title='bbox 1085 1899 1203 1966; x_wconf 79' lang='lat' dir='ltr'><strong>Christi</strong></span> <span class='ocrx_word' id='word_1_116' title='bbox 1217 1893 1342 1963; x_wconf 88' lang='lat' dir='ltr'><strong>Vicario</strong></span> 
     </span>
     <span class='ocr_line' id='line_1_16' title="bbox 100 2001 1339 2093; baseline -0.004 -23"><span class='ocrx_word' id='word_1_117' title='bbox 100 2024 203 2071; x_wconf 87' lang='lat' dir='ltr'><strong>reram</strong></span> <span class='ocrx_word' id='word_1_118' title='bbox 226 2005 435 2074; x_wconf 87' lang='lat' dir='ltr'><strong>obedientiam</strong></span> <span class='ocrx_word' id='word_1_119' title='bbox 451 2007 583 2074; x_wconf 86' lang='lat' dir='ltr'><strong>firmiter</strong></span> <span class='ocrx_word' id='word_1_120' title='bbox 597 2011 730 2093; x_wconf 89' lang='lat' dir='ltr'><strong>praesto,</strong></span> <span class='ocrx_word' id='word_1_121' title='bbox 754 2010 799 2074; x_wconf 87' lang='lat' dir='ltr'><strong>ita</strong></span> <span class='ocrx_word' id='word_1_122' title='bbox 817 2009 989 2076; x_wconf 76' lang='lat' dir='ltr'><strong>Concilium</strong></span> <span class='ocrx_word' id='word_1_123' title='bbox 1004 2005 1154 2080; x_wconf 71' lang='lat' dir='ltr'><strong>denerata</strong></span> <span class='ocrx_word' id='word_1_124' title='bbox 1169 2001 1339 2071; x_wconf 77' lang='lat' dir='ltr'><strong>Ecclesiam</strong></span> 
     </span>
     <span class='ocr_line' id='line_1_17' title="bbox 100 2107 1341 2198; baseline -0.004 -24"><span class='ocrx_word' id='word_1_125' title='bbox 100 2109 305 2176; x_wconf 84' lang='lat' dir='ltr'><strong>universalem</strong></span> <span class='ocrx_word' id='word_1_126' title='bbox 326 2115 554 2194; x_wconf 89' lang='lat' dir='ltr'><strong>repraesentare</strong></span> <span class='ocrx_word' id='word_1_127' title='bbox 577 2113 665 2198; x_wconf 91' lang='lat' dir='ltr'><strong>eique</strong></span> <span class='ocrx_word' id='word_1_128' title='bbox 688 2114 829 2181; x_wconf 88' lang='lat' dir='ltr'><strong>absolute</strong></span> <span class='ocrx_word' id='word_1_129' title='bbox 851 2112 1055 2180; x_wconf 86' lang='lat' dir='ltr'><strong>obediendum</strong></span> <span class='ocrx_word' id='word_1_130' title='bbox 1078 2127 1144 2176; x_wconf 90' lang='lat' dir='ltr'><strong>esse</strong></span> <span class='ocrx_word' id='word_1_131' title='bbox 1160 2107 1341 2173; x_wconf 87' lang='lat' dir='ltr'><strong>incunctan-</strong></span> 
     </span>
     <span class='ocr_line' id='line_1_18' title="bbox 99 2207 1340 2302; baseline -0.008 -20"><span class='ocrx_word' id='word_1_132' title='bbox 99 2217 150 2282; x_wconf 88' lang='lat' dir='ltr'><strong>ter</strong></span> <span class='ocrx_word' id='word_1_133' title='bbox 171 2214 325 2300; x_wconf 89' lang='lat' dir='ltr'><strong>profiteor.</strong></span> <span class='ocrx_word' id='word_1_134' title='bbox 370 2216 413 2280; x_wconf 84' lang='lat' dir='ltr'><strong>At</strong></span> <span class='ocrx_word' id='word_1_135' title='bbox 437 2235 507 2282; x_wconf 91' lang='lat' dir='ltr'><strong>vero</strong></span> <span class='ocrx_word' id='word_1_136' title='bbox 530 2217 686 2285; x_wconf 80' lang='lat' dir='ltr'><strong>Ecclesiae</strong></span> <span class='ocrx_word' id='word_1_137' title='bbox 708 2239 761 2302; x_wconf 90' lang='lat' dir='ltr'><strong>per</strong></span> <span class='ocrx_word' id='word_1_138' title='bbox 789 2215 1073 2301; x_wconf 84' lang='lat' dir='ltr'><strong>orbem&#39;dispersae</strong></span> <span class='ocrx_word' id='word_1_139' title='bbox 1106 2232 1160 2280; x_wconf 91' lang='lat' dir='ltr'><strong>seu</strong></span> <span class='ocrx_word' id='word_1_140' title='bbox 1182 2207 1340 2296; x_wconf 88' lang='lat' dir='ltr'><strong>Episcopis</strong></span> 
     </span>
     <span class='ocr_line' id='line_1_19' title="bbox 99 2312 1341 2406; baseline -0.006 -22"><span class='ocrx_word' id='word_1_141' title='bbox 99 2337 168 2384; x_wconf 90' lang='lat' dir='ltr'><strong>cnm</strong></span> <span class='ocrx_word' id='word_1_142' title='bbox 192 2337 313 2385; x_wconf 88' lang='lat' dir='ltr'><strong>summo</strong></span> <span class='ocrx_word' id='word_1_143' title='bbox 337 2319 488 2386; x_wconf 89' lang='lat' dir='ltr'><strong>Pontifice</strong></span> <span class='ocrx_word' id='word_1_144' title='bbox 511 2323 758 2406; x_wconf 86' lang='lat' dir='ltr'><strong>conspirantibus</strong></span> <span class='ocrx_word' id='word_1_145' title='bbox 780 2324 812 2389; x_wconf 94' lang='lat' dir='ltr'><strong>in</strong></span> <span class='ocrx_word' id='word_1_146' title='bbox 833 2323 924 2389; x_wconf 91' lang='lat' dir='ltr'><strong>rebus</strong></span> <span class='ocrx_word' id='word_1_147' title='bbox 946 2321 1019 2387; x_wconf 89' lang='lat' dir='ltr'><strong>fidei</strong></span> <span class='ocrx_word' id='word_1_148' title='bbox 1035 2321 1068 2387; x_wconf 91' lang='lat' dir='ltr'><strong>et</strong></span> <span class='ocrx_word' id='word_1_149' title='bbox 1082 2338 1203 2386; x_wconf 82' lang='lat' dir='ltr'><strong>mamm</strong></span> <span class='ocrx_word' id='word_1_150' title='bbox 1218 2312 1341 2400; x_wconf 91' lang='lat' dir='ltr'><strong>propria</strong></span> 
     </span>
     <span class='ocr_line' id='line_1_20' title="bbox 99 2420 1339 2510; baseline -0.006 -21"><span class='ocrx_word' id='word_1_151' title='bbox 99 2425 147 2489; x_wconf 87' lang='lat' dir='ltr'><strong>est</strong></span> <span class='ocrx_word' id='word_1_152' title='bbox 181 2423 288 2490; x_wconf 87' lang='lat' dir='ltr'><strong>eadem</strong></span> <span class='ocrx_word' id='word_1_153' title='bbox 322 2423 535 2491; x_wconf 79' lang='lat' dir='ltr'><strong>infallibiliter</strong></span> <span class='ocrx_word' id='word_1_154' title='bbox 570 2427 662 2510; x_wconf 88' lang='lat' dir='ltr'><strong>atquc</strong></span> <span class='ocrx_word' id='word_1_155' title='bbox 696 2427 852 2494; x_wconf 87' lang='lat' dir='ltr'><strong>Ecclesiae</strong></span> <span class='ocrx_word' id='word_1_156' title='bbox 888 2427 919 2492; x_wconf 91' lang='lat' dir='ltr'><strong>in</strong></span> <span class='ocrx_word' id='word_1_157' title='bbox 954 2425 1090 2492; x_wconf 76' lang='lat' dir='ltr'><strong>Concilio</strong></span> <span class='ocrx_word' id='word_1_158' title='bbox 1124 2420 1339 2508; x_wconf 72' lang='lat' dir='ltr'><strong>congregatae,</strong></span> 
     </span>
     <span class='ocr_line' id='line_1_21' title="bbox 98 2527 1340 2624; baseline -0.002 -30"><span class='ocrx_word' id='word_1_159' title='bbox 98 2547 154 2596; x_wconf 91' lang='lat' dir='ltr'><strong>nec</strong></span> <span class='ocrx_word' id='word_1_160' title='bbox 170 2527 258 2624; x_wconf 78' lang='lat' dir='ltr'><strong>Sedis</strong></span> <span class='ocrx_word' id='word_1_161' title='bbox 271 2529 468 2613; x_wconf 81' lang='lat' dir='ltr'><strong>Apostotieae</strong></span> <span class='ocrx_word' id='word_1_162' title='bbox 480 2529 620 2596; x_wconf 88' lang='lat' dir='ltr'><strong>Decretis</strong></span> <span class='ocrx_word' id='word_1_163' title='bbox 643 2533 742 2598; x_wconf 88' lang='lat' dir='ltr'><strong>rninor</strong></span> <span class='ocrx_word' id='word_1_164' title='bbox 757 2551 849 2617; x_wconf 91' lang='lat' dir='ltr'><strong>quam</strong></span> <span class='ocrx_word' id='word_1_165' title='bbox 865 2531 1132 2598; x_wconf 90' lang='lat' dir='ltr'><strong>oecumenicarum</strong></span> <span class='ocrx_word' id='word_1_166' title='bbox 1149 2527 1340 2614; x_wconf 83' lang='lat' dir='ltr'><strong>Syncdorum</strong></span> 
     </span>
     <span class='ocr_line' id='line_1_22' title="bbox 99 2630 1339 2720; baseline -0.002 -22"><span class='ocrx_word' id='word_1_167' title='bbox 99 2630 331 2699; x_wconf 85' lang='lat' dir='ltr'><strong>definitionibus</strong></span> <span class='ocrx_word' id='word_1_168' title='bbox 356 2633 486 2700; x_wconf 81' lang='lat' dir='ltr'><strong>deheim</strong></span> <span class='ocrx_word' id='word_1_169' title='bbox 508 2635 659 2720; x_wconf 89' lang='lat' dir='ltr'><strong>subjectio</strong></span> <span class='ocrx_word' id='word_1_170' title='bbox 682 2635 755 2703; x_wconf 89' lang='lat' dir='ltr'><strong>fidei</strong></span> <span class='ocrx_word' id='word_1_171' title='bbox 771 2636 893 2702; x_wconf 89' lang='lat' dir='ltr'><strong>divinae</strong></span> <span class='ocrx_word' id='word_1_172' title='bbox 910 2637 982 2702; x_wconf 92' lang='lat' dir='ltr'><strong>actu</strong></span> <span class='ocrx_word' id='word_1_173' title='bbox 997 2631 1192 2719; x_wconf 89' lang='lat' dir='ltr'><strong>praestanda.</strong></span> <span class='ocrx_word' id='word_1_174' title='bbox 1238 2631 1339 2714; x_wconf 81' lang='lat' dir='ltr'><strong>Quum</strong></span> 
     </span>
     <span class='ocr_line' id='line_1_23' title="bbox 101 2736 1424 2831; baseline -0.002 -28"><span class='ocrx_word' id='word_1_175' title='bbox 101 2756 216 2804; x_wconf 87' lang='lat' dir='ltr'><strong>errores</strong></span> <span class='ocrx_word' id='word_1_176' title='bbox 239 2738 335 2805; x_wconf 88' lang='lat' dir='ltr'><strong>trium</strong></span> <span class='ocrx_word' id='word_1_177' title='bbox 357 2739 548 2806; x_wconf 90' lang='lat' dir='ltr'><strong>saeculorum</strong></span> <span class='ocrx_word' id='word_1_178' title='bbox 571 2743 708 2824; x_wconf 84' lang='lat' dir='ltr'><strong>proxime</strong></span> <span class='ocrx_word' id='word_1_179' title='bbox 731 2743 906 2826; x_wconf 85' lang='lat' dir='ltr'><strong>elapsorum</strong></span> <span class='ocrx_word' id='word_1_180' title='bbox 927 2760 982 2826; x_wconf 88' lang='lat' dir='ltr'><strong>per</strong></span> <span class='ocrx_word' id='word_1_181' title='bbox 1003 2740 1157 2806; x_wconf 86' lang='lat' dir='ltr'><strong>Romanos</strong></span> <span class='ocrx_word' id='word_1_182' title='bbox 1172 2736 1338 2828; x_wconf 87' lang='lat' dir='ltr'><strong>Pontifices</strong></span> <span class='ocrx_word' id='word_1_183' title='bbox 1422 2829 1424 2831; x_wconf 19' lang='grc'>-</span> 
     </span>
     <span class='ocr_line' id='line_1_24' title="bbox 99 2841 1338 2929; baseline 0 -23"><span class='ocrx_word' id='word_1_184' title='bbox 99 2841 273 2924; x_wconf 88' lang='lat' dir='ltr'><strong>depositum</strong></span> <span class='ocrx_word' id='word_1_185' title='bbox 296 2843 435 2910; x_wconf 85' lang='lat' dir='ltr'><strong>divinum</strong></span> <span class='ocrx_word' id='word_1_186' title='bbox 458 2845 580 2929; x_wconf 82' lang='lat' dir='ltr'><strong>absque</strong></span> <span class='ocrx_word' id='word_1_187' title='bbox 596 2847 661 2912; x_wconf 91' lang='lat' dir='ltr'><strong>ulla</strong></span> <span class='ocrx_word' id='word_1_188' title='bbox 683 2847 806 2912; x_wconf 89' lang='lat' dir='ltr'><strong>macula</strong></span> <span class='ocrx_word' id='word_1_189' title='bbox 840 2845 1049 2913; x_wconf 88' lang='lat' dir='ltr'><strong>custodientes</strong></span> <span class='ocrx_word' id='word_1_190' title='bbox 1084 2843 1147 2910; x_wconf 87' lang='lat' dir='ltr'><strong>sint</strong></span> <span class='ocrx_word' id='word_1_191' title='bbox 1175 2841 1338 2927; x_wconf 87' lang='lat' dir='ltr'><strong>proscripti</strong></span> 
     </span>
     <span class='ocr_line' id='line_1_25' title="bbox 100 2947 1339 3043; baseline 0.002 -33"><span class='ocrx_word' id='word_1_192' title='bbox 100 2948 131 3010; x_wconf 88' lang='lat' dir='ltr'><strong>et</strong></span> <span class='ocrx_word' id='word_1_193' title='bbox 152 2947 320 3032; x_wconf 89' lang='lat' dir='ltr'><strong>profligati,</strong></span> <span class='ocrx_word' id='word_1_194' title='bbox 343 2968 437 3032; x_wconf 89' lang='lat' dir='ltr'><strong>quum</strong></span> <span class='ocrx_word' id='word_1_195' title='bbox 462 2949 618 3017; x_wconf 86' lang='lat' dir='ltr'><strong>Sanctitas</strong></span> <span class='ocrx_word' id='word_1_196' title='bbox 642 2951 845 3043; x_wconf 82' lang='lat' dir='ltr'><strong>Tnaiterum</strong></span> <span class='ocrx_word' id='word_1_197' title='bbox 867 2950 1042 3034; x_wconf 87' lang='lat' dir='ltr'><strong>iterumque</strong></span> <span class='ocrx_word' id='word_1_198' title='bbox 1056 2951 1124 3016; x_wconf 89' lang='lat' dir='ltr'><strong>toto</strong></span> <span class='ocrx_word' id='word_1_199' title='bbox 1139 2948 1211 3013; x_wconf 90' lang='lat' dir='ltr'><strong>orbe</strong></span> <span class='ocrx_word' id='word_1_200' title='bbox 1230 2947 1339 3014; x_wconf 88' lang='lat' dir='ltr'><strong>catho-</strong></span> 
     </span>
     <span class='ocr_line' id='line_1_26' title="bbox 98 3049 1338 3142; baseline 0 -26"><span class='ocrx_word' id='word_1_201' title='bbox 98 3052 157 3116; x_wconf 90' lang='lat' dir='ltr'><strong>lico</strong></span> <span class='ocrx_word' id='word_1_202' title='bbox 179 3049 385 3134; x_wconf 89' lang='lat' dir='ltr'><strong>applaudante</strong></span> <span class='ocrx_word' id='word_1_203' title='bbox 408 3052 481 3119; x_wconf 90' lang='lat' dir='ltr'><strong>fidei</strong></span> <span class='ocrx_word' id='word_1_204' title='bbox 502 3055 667 3122; x_wconf 85' lang='lat' dir='ltr'><strong>veritatem</strong></span> <span class='ocrx_word' id='word_1_205' title='bbox 686 3054 857 3122; x_wconf 85' lang='lat' dir='ltr'><strong>defenderit</strong></span> <span class='ocrx_word' id='word_1_206' title='bbox 870 3059 901 3121; x_wconf 90' lang='lat' dir='ltr'><strong>et</strong></span> <span class='ocrx_word' id='word_1_207' title='bbox 923 3056 1027 3122; x_wconf 92' lang='lat' dir='ltr'><strong>nostro</strong></span> <span class='ocrx_word' id='word_1_208' title='bbox 1043 3055 1180 3142; x_wconf 89' lang='lat' dir='ltr'><strong>tempore</strong></span> <span class='ocrx_word' id='word_1_209' title='bbox 1195 3052 1338 3118; x_wconf 88' lang='lat' dir='ltr'><strong>subortas</strong></span> 
     </span>
     <span class='ocr_line' id='line_1_27' title="bbox 98 3153 1435 3244; baseline -0.001 -24"><span class='ocrx_word' id='word_1_210' title='bbox 98 3153 292 3239; x_wconf 84' lang='lat' dir='ltr'><strong>quaestiones</strong></span> <span class='ocrx_word' id='word_1_211' title='bbox 324 3175 379 3221; x_wconf 89' lang='lat' dir='ltr'><strong>suo</strong></span> <span class='ocrx_word' id='word_1_212' title='bbox 412 3156 631 3224; x_wconf 85' lang='lat' dir='ltr'><strong>irreformabili</strong></span> <span class='ocrx_word' id='word_1_213' title='bbox 662 3159 780 3244; x_wconf 87' lang='lat' dir='ltr'><strong>judicio</strong></span> <span class='ocrx_word' id='word_1_214' title='bbox 813 3159 981 3237; x_wconf 82' lang='lat' dir='ltr'><strong>definierit,</strong></span> <span class='ocrx_word' id='word_1_215' title='bbox 1005 3178 1055 3224; x_wconf 89' lang='lat' dir='ltr'><strong>rue</strong></span> <span class='ocrx_word' id='word_1_216' title='bbox 1078 3177 1138 3224; x_wconf 91' lang='lat' dir='ltr'><strong>non</strong></span> <span class='ocrx_word' id='word_1_217' title='bbox 1159 3154 1337 3242; x_wconf 86' lang='lat' dir='ltr'><strong>intelligere</strong></span> <span class='ocrx_word' id='word_1_218' title='bbox 1433 3169 1435 3174; x_wconf 84' lang='lat'>·</span> 
     </span>
     <span class='ocr_line' id='line_1_28' title="bbox 101 3259 1335 3338; baseline 0.002 -14"><span class='ocrx_word' id='word_1_219' title='bbox 101 3259 220 3338; x_wconf 84' lang='lat' dir='ltr'><strong>fateor,</strong></span> <span class='ocrx_word' id='word_1_220' title='bbox 243 3277 297 3324; x_wconf 91' lang='lat' dir='ltr'><strong>eur</strong></span> <span class='ocrx_word' id='word_1_221' title='bbox 319 3260 359 3325; x_wconf 89' lang='lat' dir='ltr'><strong>ad</strong></span> <span class='ocrx_word' id='word_1_222' title='bbox 381 3260 568 3330; x_wconf 86' lang='lat' dir='ltr'><strong>medicinam</strong></span> <span class='ocrx_word' id='word_1_223' title='bbox 592 3263 721 3330; x_wconf 77' lang='lat' dir='ltr'><strong>concilii</strong></span> <span class='ocrx_word' id='word_1_224' title='bbox 744 3263 1017 3331; x_wconf 84' lang='lat' dir='ltr'><strong>extraordinariam</strong></span> <span class='ocrx_word' id='word_1_225' title='bbox 1039 3263 1082 3329; x_wconf 87' lang='lat' dir='ltr'><strong>sit</strong></span> <span class='ocrx_word' id='word_1_226' title='bbox 1107 3260 1335 3328; x_wconf 87' lang='lat' dir='ltr'><strong>recurrendum.</strong></span> 
     </span>
     <span class='ocr_line' id='line_1_29' title="bbox 97 3362 1336 3453; baseline 0.001 -25"><span class='ocrx_word' id='word_1_227' title='bbox 97 3362 225 3430; x_wconf 79' lang='lat' dir='ltr'><strong>Accedit</strong></span> <span class='ocrx_word' id='word_1_228' title='bbox 247 3364 329 3448; x_wconf 90' lang='lat' dir='ltr'><strong>qnod</strong></span> <span class='ocrx_word' id='word_1_229' title='bbox 352 3365 519 3432; x_wconf 89' lang='lat' dir='ltr'><strong>residentia</strong></span> <span class='ocrx_word' id='word_1_230' title='bbox 541 3367 760 3452; x_wconf 87' lang='lat' dir='ltr'><strong>Episcoporum</strong></span> <span class='ocrx_word' id='word_1_231' title='bbox 783 3369 965 3453; x_wconf 88' lang='lat' dir='ltr'><strong>praesertim</strong></span> <span class='ocrx_word' id='word_1_232' title='bbox 989 3367 1172 3434; x_wconf 79' lang='lat' dir='ltr'><strong>Germaniae</strong></span> <span class='ocrx_word' id='word_1_233' title='bbox 1194 3367 1228 3430; x_wconf 89' lang='lat' dir='ltr'><strong>in</strong></span> <span class='ocrx_word' id='word_1_234' title='bbox 1251 3363 1336 3430; x_wconf 89' lang='lat' dir='ltr'><strong>dioe-</strong></span> 
     </span>
     <span class='ocr_line' id='line_1_30' title="bbox 97 3468 1336 3558; baseline 0 -25"><span class='ocrx_word' id='word_1_235' title='bbox 97 3468 216 3534; x_wconf 89' lang='lat' dir='ltr'><strong>cesibus</strong></span> <span class='ocrx_word' id='word_1_236' title='bbox 238 3468 329 3534; x_wconf 89' lang='lat' dir='ltr'><strong>hodie</strong></span> <span class='ocrx_word' id='word_1_237' title='bbox 351 3471 453 3555; x_wconf 88' lang='lat' dir='ltr'><strong>magis</strong></span> <span class='ocrx_word' id='word_1_238' title='bbox 476 3471 578 3537; x_wconf 89' lang='lat' dir='ltr'><strong>adhuc</strong></span> <span class='ocrx_word' id='word_1_239' title='bbox 600 3491 691 3556; x_wconf 89' lang='lat' dir='ltr'><strong>qnam</strong></span> <span class='ocrx_word' id='word_1_240' title='bbox 721 3473 798 3540; x_wconf 90' lang='lat' dir='ltr'><strong>alias</strong></span> <span class='ocrx_word' id='word_1_241' title='bbox 830 3473 945 3557; x_wconf 85' lang='lat' dir='ltr'><strong>requiri</strong></span> <span class='ocrx_word' id='word_1_242' title='bbox 975 3490 1167 3558; x_wconf 90' lang='lat' dir='ltr'><strong>summopere</strong></span> <span class='ocrx_word' id='word_1_243' title='bbox 1194 3468 1336 3536; x_wconf 88' lang='lat' dir='ltr'><strong>rideatur</strong></span> 
     </span>
    </p>
   </div>
   <div class='ocr_carea' id='block_1_3' title="bbox 96 3573 1471 3664">
    <p class='ocr_par' dir='ltr' id='par_1_3' title="bbox 96 3573 1471 3664">
     <span class='ocr_line' id='line_1_31' title="bbox 96 3573 1471 3664; baseline 0.004 -25"><span class='ocrx_word' id='word_1_244' title='bbox 96 3575 218 3658; x_wconf 89' lang='lat' dir='ltr'><strong>propter</strong></span> <span class='ocrx_word' id='word_1_245' title='bbox 250 3573 412 3642; x_wconf 89' lang='lat' dir='ltr'><strong>innumera</strong></span> <span class='ocrx_word' id='word_1_246' title='bbox 446 3575 510 3643; x_wconf 88' lang='lat' dir='ltr'><strong>iore</strong></span> <span class='ocrx_word' id='word_1_247' title='bbox 545 3576 824 3645; x_wconf 88' lang='lat' dir='ltr'><strong>administrationis</strong></span> <span class='ocrx_word' id='word_1_248' title='bbox 870 3576 995 3664; x_wconf 86' lang='lat' dir='ltr'><strong>negotia</strong></span> <span class='ocrx_word' id='word_1_249' title='bbox 1028 3595 1084 3642; x_wconf 88' lang='lat' dir='ltr'><strong>nec</strong></span> <span class='ocrx_word' id='word_1_250' title='bbox 1116 3594 1176 3642; x_wconf 93' lang='lat' dir='ltr'><strong>non</strong></span> <span class='ocrx_word' id='word_1_251' title='bbox 1209 3574 1334 3662; x_wconf 90' lang='lat' dir='ltr'><strong>propter</strong></span> <span class='ocrx_word' id='word_1_252' title='bbox 1466 3637 1471 3644; x_wconf 90' lang='lat'>.</span> 
     </span>
    </p>
   </div>
   <div class='ocr_carea' id='block_1_4' title="bbox 8 3677 1335 4816">
    <p class='ocr_par' dir='ltr' id='par_1_4' title="bbox 8 3677 1335 4816">
     <span class='ocr_line' id='line_1_32' title="bbox 96 3677 1334 3768; baseline -0.001 -23"><span class='ocrx_word' id='word_1_253' title='bbox 96 3678 232 3764; x_wconf 91' lang='lat' dir='ltr'><strong>pericula</strong></span> <span class='ocrx_word' id='word_1_254' title='bbox 254 3678 360 3764; x_wconf 85' lang='lat' dir='ltr'><strong>gravia</strong></span> <span class='ocrx_word' id='word_1_255' title='bbox 382 3679 517 3764; x_wconf 90' lang='lat' dir='ltr'><strong>undique</strong></span> <span class='ocrx_word' id='word_1_256' title='bbox 538 3680 675 3764; x_wconf 88' lang='lat' dir='ltr'><strong>ipsorum</strong></span> <span class='ocrx_word' id='word_1_257' title='bbox 698 3681 845 3768; x_wconf 84' lang='lat' dir='ltr'><strong>gregibus</strong></span> <span class='ocrx_word' id='word_1_258' title='bbox 868 3679 1081 3758; x_wconf 85' lang='lat' dir='ltr'><strong>imminentia,</strong></span> <span class='ocrx_word' id='word_1_259' title='bbox 1120 3698 1197 3764; x_wconf 91' lang='lat' dir='ltr'><strong>quae</strong></span> <span class='ocrx_word' id='word_1_260' title='bbox 1227 3677 1334 3762; x_wconf 85' lang='lat' dir='ltr'><strong>utique</strong></span> 
     </span>
     <span class='ocr_line' id='line_1_33' title="bbox 96 3765 1334 3870; baseline 0 -22"><span class='ocrx_word' id='word_1_261' title='bbox 96 3785 127 3849; x_wconf 91' lang='lat' dir='ltr'><strong>in</strong></span> <span class='ocrx_word' id='word_1_262' title='bbox 150 3781 338 3868; x_wconf 86' lang='lat' dir='ltr'><strong>Episcopatu</strong></span> <span class='ocrx_word' id='word_1_263' title='bbox 361 3802 428 3850; x_wconf 91' lang='lat' dir='ltr'><strong>meo</strong></span> <span class='ocrx_word' id='word_1_264' title='bbox 451 3784 639 3865; x_wconf 85' lang='lat' dir='ltr'><strong>vastissimo,</strong></span> <span class='ocrx_word' id='word_1_265' title='bbox 663 3785 737 3852; x_wconf 87' lang='lat' dir='ltr'><strong>dum</strong></span> <span class='ocrx_word' id='word_1_266' title='bbox 760 3783 963 3870; x_wconf 86' lang='lat' dir='ltr'><strong>personaliter</strong></span> <span class='ocrx_word' id='word_1_267' title='bbox 977 3765 1031 3869; x_wconf 75' lang='lat' dir='ltr'><strong>per</strong></span> <span class='ocrx_word' id='word_1_268' title='bbox 1046 3783 1174 3869; x_wconf 89' lang='lat' dir='ltr'><strong>longum</strong></span> <span class='ocrx_word' id='word_1_269' title='bbox 1187 3781 1334 3866; x_wconf 89' lang='lat' dir='ltr'><strong>temporis</strong></span> 
     </span>
     <span class='ocr_line' id='line_1_34' title="bbox 96 3884 1334 3975; baseline -0.002 -23"><span class='ocrx_word' id='word_1_270' title='bbox 96 3887 230 3972; x_wconf 88' lang='lat' dir='ltr'><strong>spatium</strong></span> <span class='ocrx_word' id='word_1_271' title='bbox 252 3889 391 3956; x_wconf 90' lang='lat' dir='ltr'><strong>abessem</strong></span> <span class='ocrx_word' id='word_1_272' title='bbox 414 3907 469 3954; x_wconf 90' lang='lat' dir='ltr'><strong>nec</strong></span> <span class='ocrx_word' id='word_1_273' title='bbox 490 3889 637 3973; x_wconf 88' lang='lat' dir='ltr'><strong>pastorali</strong></span> <span class='ocrx_word' id='word_1_274' title='bbox 660 3889 868 3958; x_wconf 88' lang='lat' dir='ltr'><strong>sollicitudine</strong></span> <span class='ocrx_word' id='word_1_275' title='bbox 879 3889 1044 3975; x_wconf 86' lang='lat' dir='ltr'><strong>invigilare</strong></span> <span class='ocrx_word' id='word_1_276' title='bbox 1060 3887 1205 3966; x_wconf 81' lang='lat' dir='ltr'><strong>valerem,</strong></span> <span class='ocrx_word' id='word_1_277' title='bbox 1221 3887 1253 3950; x_wconf 89' lang='lat' dir='ltr'><strong>in</strong></span> <span class='ocrx_word' id='word_1_278' title='bbox 1269 3884 1334 3952; x_wconf 89' lang='lat' dir='ltr'><strong>dies</strong></span> 
     </span>
     <span class='ocr_line' id='line_1_35' title="bbox 8 3978 889 4078; baseline 0.01 -24"><span class='ocrx_word' id='word_1_279' title='bbox 8 3993 9 3996; x_wconf 75' lang='grc'>’</span> <span class='ocrx_word' id='word_1_280' title='bbox 97 3993 265 4058; x_wconf 88' lang='lat' dir='ltr'><strong>crescerent</strong></span> <span class='ocrx_word' id='word_1_281' title='bbox 288 3993 320 4059; x_wconf 89' lang='lat' dir='ltr'><strong>et</strong></span> <span class='ocrx_word' id='word_1_282' title='bbox 342 3995 540 4078; x_wconf 89' lang='lat' dir='ltr'><strong>augerentur.</strong></span> <span class='ocrx_word' id='word_1_283' title='bbox 888 3978 889 3981; x_wconf 23' lang='lat'>¹</span> 
     </span>
     <span class='ocr_line' id='line_1_36' title="bbox 198 4094 1335 4184; baseline -0.003 -22"><span class='ocrx_word' id='word_1_284' title='bbox 198 4094 428 4164; x_wconf 84' lang='lat' dir='ltr'><strong>Sacratissimos</strong></span> <span class='ocrx_word' id='word_1_285' title='bbox 450 4097 544 4183; x_wconf 90' lang='lat' dir='ltr'><strong>pedes</strong></span> <span class='ocrx_word' id='word_1_286' title='bbox 567 4098 678 4183; x_wconf 86' lang='lat' dir='ltr'><strong>spiritu</strong></span> <span class='ocrx_word' id='word_1_287' title='bbox 701 4098 879 4165; x_wconf 89' lang='lat' dir='ltr'><strong>deosculans</strong></span> <span class='ocrx_word' id='word_1_288' title='bbox 904 4099 942 4184; x_wconf 74' lang='lat' dir='ltr'><strong>[et</strong></span> <span class='ocrx_word' id='word_1_289' title='bbox 971 4097 1180 4183; x_wconf 80' lang='lat' dir='ltr'><strong>Apostolicam</strong></span> <span class='ocrx_word' id='word_1_290' title='bbox 1209 4094 1335 4162; x_wconf 91' lang='lat' dir='ltr'><strong>benedi-</strong></span> 
     </span>
     <span class='ocr_line' id='line_1_37' title="bbox 97 4191 1334 4288; baseline 0.002 -24"><span class='ocrx_word' id='word_1_291' title='bbox 97 4199 229 4266; x_wconf 86' lang='lat' dir='ltr'><strong>ctionem</strong></span> <span class='ocrx_word' id='word_1_292' title='bbox 250 4219 305 4283; x_wconf 91' lang='lat' dir='ltr'><strong>pro</strong></span> <span class='ocrx_word' id='word_1_293' title='bbox 327 4191 377 4268; x_wconf 89' lang='lat' dir='ltr'><strong>me</strong></span> <span class='ocrx_word' id='word_1_294' title='bbox 401 4202 588 4288; x_wconf 77' lang='lat' dir='ltr'><strong>Clericisque</strong></span> <span class='ocrx_word' id='word_1_295' title='bbox 610 4205 642 4270; x_wconf 88' lang='lat' dir='ltr'><strong>et</strong></span> <span class='ocrx_word' id='word_1_296' title='bbox 665 4203 807 4270; x_wconf 86' lang='lat' dir='ltr'><strong>fidelibus</strong></span> <span class='ocrx_word' id='word_1_297' title='bbox 830 4222 916 4270; x_wconf 90' lang='lat' dir='ltr'><strong>meae</strong></span> <span class='ocrx_word' id='word_1_298' title='bbox 939 4222 1030 4270; x_wconf 87' lang='lat' dir='ltr'><strong>curae</strong></span> <span class='ocrx_word' id='word_1_299' title='bbox 1053 4202 1224 4270; x_wconf 87' lang='lat' dir='ltr'><strong>commissis</strong></span> <span class='ocrx_word' id='word_1_300' title='bbox 1248 4199 1334 4266; x_wconf 85' lang='lat' dir='ltr'><strong>enixe</strong></span> 
     </span>
     <span class='ocr_line' id='line_1_38' title="bbox 94 4303 1212 4393; baseline 0.002 -24"><span class='ocrx_word' id='word_1_301' title='bbox 94 4304 261 4388; x_wconf 88' lang='lat' dir='ltr'><strong>postulans,</strong></span> <span class='ocrx_word' id='word_1_302' title='bbox 285 4303 376 4370; x_wconf 90' lang='lat' dir='ltr'><strong>filiali</strong></span> <span class='ocrx_word' id='word_1_303' title='bbox 396 4307 570 4374; x_wconf 90' lang='lat' dir='ltr'><strong>obedientia</strong></span> <span class='ocrx_word' id='word_1_304' title='bbox 592 4308 624 4374; x_wconf 91' lang='lat' dir='ltr'><strong>et</strong></span> <span class='ocrx_word' id='word_1_305' title='bbox 645 4308 796 4392; x_wconf 87' lang='lat' dir='ltr'><strong>profunda</strong></span> <span class='ocrx_word' id='word_1_306' title='bbox 819 4310 1015 4376; x_wconf 86' lang='lat' dir='ltr'><strong>veneratione</strong></span> <span class='ocrx_word' id='word_1_307' title='bbox 1037 4325 1212 4393; x_wconf 85' lang='lat' dir='ltr'><strong>permaneo.</strong></span> 
     </span>
     <span class='ocr_line' id='line_1_39' title="bbox 199 4408 796 4492; baseline 0.008 -18"><span class='ocrx_word' id='word_1_308' title='bbox 199 4408 433 4492; x_wconf 84' lang='lat' dir='ltr'><strong>Wratislaviae‚</strong></span> <span class='ocrx_word' id='word_1_309' title='bbox 456 4412 506 4480; x_wconf 91' lang='lat' dir='ltr'><strong>die</strong></span> <span class='ocrx_word' id='word_1_310' title='bbox 528 4415 581 4480; x_wconf 85' lang='lat'><strong>22.</strong></span> <span class='ocrx_word' id='word_1_311' title='bbox 602 4412 680 4479; x_wconf 88' lang='lat' dir='ltr'><strong>Maii</strong></span> <span class='ocrx_word' id='word_1_312' title='bbox 703 4414 796 4480; x_wconf 88' lang='grc'><strong>1868.</strong></span> 
     </span>
     <span class='ocr_line' id='line_1_40' title="bbox 549 4517 957 4586; baseline 0.005 -2"><span class='ocrx_word' id='word_1_313' title='bbox 549 4517 885 4586; x_wconf 69' lang='lat' dir='ltr'><strong>meduanensem</strong></span> <span class='ocrx_word' id='word_1_314' title='bbox 951 4533 957 4539; x_wconf 86' lang='lat'>·</span> 
     </span>
     <span class='ocr_line' id='line_1_41' title="bbox 591 4621 1187 4692; baseline -0.002 -3"><span class='ocrx_word' id='word_1_315' title='bbox 591 4621 822 4690; x_wconf 88' lang='lat' dir='ltr'><strong>addictissimus</strong></span> <span class='ocrx_word' id='word_1_316' title='bbox 844 4623 876 4690; x_wconf 92' lang='lat' dir='ltr'><strong>in</strong></span> <span class='ocrx_word' id='word_1_317' title='bbox 900 4623 1025 4692; x_wconf 82' lang='lat' dir='ltr'><strong>Christo</strong></span> <span class='ocrx_word' id='word_1_318' title='bbox 1052 4623 1187 4690; x_wconf 86' lang='lat' dir='ltr'><strong>lemnius</strong></span> 
     </span>
     <span class='ocr_line' id='line_1_42' title="bbox 452 4725 1333 4816; baseline 0.003 -24"><span class='ocrx_word' id='word_1_319' title='bbox 452 4725 657 4808; x_wconf 77' lang='lat' dir='ltr'><strong>iHcere‘eus.</strong></span> <span class='ocrx_word' id='word_1_320' title='bbox 703 4727 850 4814; x_wconf 88' lang='lat' dir='ltr'><strong>Princeps</strong></span> <span class='ocrx_word' id='word_1_321' title='bbox 872 4729 1040 4816; x_wconf 86' lang='lat' dir='ltr'><strong>Episcopus</strong></span> <span class='ocrx_word' id='word_1_322' title='bbox 1062 4725 1333 4797; x_wconf 80' lang='lat' dir='ltr'><strong>wratislaviensis.</strong></span> 
     </span>
    </p>
   </div>
   <div class='ocr_carea' id='block_1_5' title="bbox 562 4860 871 4874">
    <p class='ocr_par' dir='ltr' id='par_1_5' title="bbox 562 4860 871 4874">
     <span class='ocr_line' id='line_1_43' title="bbox 562 4860 871 4874; baseline -0.013 -2"><span class='ocrx_word' id='word_1_323' title='bbox 562 4860 871 4874; x_wconf 42' lang='lat' dir='ltr'><strong>..uma-.—</strong></span> 
     </span>
    </p>
   </div>
   <div class='ocr_carea' id='block_1_6' title="bbox 0 0 1584 5010">
    <p class='ocr_par' dir='ltr' id='par_1_6' title="bbox 0 0 1584 5010">
     <span class='ocr_line' id='line_1_44' title="bbox 0 0 1584 5010; baseline 0 3"><span class='ocrx_word' id='word_1_324' title='bbox 0 0 1584 5010; x_wconf 95' lang='lat' dir='ltr'><strong> </strong></span> 
     </span>
    </p>
   </div>
  </div>
 </body>
</html>
