3160 5010
247 342 319 395 Deir.
338 355 358 394 s.
379 341 473 406 congr.
491 329 537 394 itit.
557 341 581 394 d.
604 340 644 395 li.
664 341 739 396 Febr.
760 343 833 396 1870.
852 367 885 378 -
909 342 1012 395 iachtr.
1031 355 1055 394 z.
1068 337 1276 396 Gesoliitltsordn.
1321 323 1382 388 dit

142 517 322 580 praevidentes
342 529 370 568 se
388 529 401 568 a
417 517 526 580 propriis
546 516 710 569 Dioecesibns
730 518 787 570 l'ore
806 516 926 568 absentes
947 519 994 570 ter.
1014 517 1040 568 il.
1060 517 1188 583 irat'oena
1207 517 1306 568 Domini
1325 519 1384 570 anui

142 603 265 667 hujns'ac
284 601 390 666 proinde
409 605 487 655 Sacra
507 604 567 656 Dlea
592 604 617 656 in
642 615 717 657 usam
741 603 882 656 earundem
907 603 1069 658 Dioecesiom
1089 616 1119 657 ea
1138 600 1211 656 ieria
1230 615 1384 656 consecrare

142 703 194 743 raon
212 703 304 754 posse,
324 703 338 740 a
358 691 524 742 sanctissimo
547 690 655 742 Domino
674 691 765 744 Nostro
792 689 836 742 Pio
852 691 918 754 Papa
937 691 976 742 lll.
997 686 1230 754 obsequentissime
1257 689 1385 756 exquisie-

142 779 209 840 runt,
226 779 254 828 nt
273 777 330 834 lrnic
349 775 495 828 necessitati
515 777 650 838 providere
669 775 825 838 dignaretur.
858 773 951 826 Dorum
971 777 1197 840 antemipreeibns
1211 789 1225 828 a
1240 777 1385 840 subscripto

141 868 276 916 Sacrorum
292 864 393 916 tiitnmn
407 863 622 925 congregationis
641 864 785 916 secretario
804 851 1069 914 eidemsanctissimo
1087 861 1191 916 Domino
1211 864 1302 918 Nostro
1322 864 1385 918 ttae-

143 951 320 1013 timreinais,
340 949 468 1002 Sanctitas
488 963 534 1002 sua
552 949 715 1012 perpendens
735 933 812 1001 etiaim
832 947 975 1000 sententias
1001 955 1054 1001 tum
1082 949 1188 1002 alterins
1208 963 1239 1003 en
1261 932 1385 1014 apostoti-

141 1049 229 1089 aarum
250 1037 457 1089 ceremoniarum
476 1033 622 1099 magistris,
649 1041 702 1088 tum
722 1033 934 1109 Reverendissimi
955 1035 1054 1088 Domini
1074 1035 1187 1098 ejnsitem
1207 1039 1301 1088 Sacrae
1320 1037 1385 1088 Con·

140 1110 297 1188 gregationis
315 1124 474 1186 assessoris,
499 1112 621 1187 qnl‘prae
640 1121 720 1176 ocutis
745 1121 893 1174 habuerunt
918 1123 1098 1174 concessiones
1123 1123 1148 1174 in
1167 1122 1338 1186 peculiaribus
1358 1127 1383 1173 at

141 1211 264 1264 similibus
284 1201 385 1262 casibus
405 1207 640 1275 tactas‘snprena
658 1209 815 1262 anctoritate
840 1212 891 1261 Sua
911 1209 1060 1272 derogando
1081 1209 1111 1262 ab
1132 1209 1316 1262 Ecclesiasticis
1335 1211 1383 1264 bac

141 1299 172 1350 dc
192 1309 220 1350 re
239 1297 482 1370 praescriptionibus
502 1297 614 1358 indulsit,
635 1300 661 1348 nt
679 1297 704 1349 ln
724 1297 906 1360 Dioecesibus,
924 1297 949 1348 in
968 1295 1059 1362 quibus
1078 1309 1130 1348 iton
1148 1296 1241 1351 adsunt
1259 1297 1385 1354 aeter-en

141 1385 239 1436 nissimi
259 1384 399 1448 ordinarii,
419 1385 439 1436 si
459 1383 577 1447 titularis
596 1383 686 1446 aliquis
705 1384 844 1448 Episcopus
863 1397 915 1436 non
935 1383 1090 1446 inveniatur,
1110 1383 1151 1434 ael
1171 1396 1185 1434 a
1204 1383 1293 1439 viciatis
1311 1383 1384 1436 Dioe·

141 1471 242 1523 cesibns
261 1472 322 1522 Dtea
341 1474 431 1522 sancta
458 1471 508 1522 ltoc
526 1482 593 1522 antro
613 1474 762 1522 cotrsecrata
782 1469 873 1522 haberi
894 1471 969 1522 facila
988 1477 1133 1535 nequeant,
1154 1472 1243 1522 vetera
1263 1471 1323 1522 tileo
1342 1483 1385 1522 su·

140 1557 247 1620 perioris
273 1557 333 1608 anni
357 1547 472 1608 abhiberi
493 1557 595 1608 valeant
619 1557 644 1608 in
664 1557 842 1610 benedictione
868 1558 946 1610 toartis
970 1557 1207 1620 baptismatistum
1226 1557 1250 1608 in
1269 1557 1383 1608 sabbato
1472 1582 1475 1590 ·

141 1646 245 1704 Sancto,
266 1647 319 1696 turn
338 1645 363 1695 in
383 1644 494 1695 sabbato
515 1645 686 1706 pentecostes,
706 1657 754 1696 nec
772 1656 824 1696 non
844 1645 868 1696 in
887 1644 996 1696 solemni
1016 1644 1154 1696 collatione
1172 1636 1332 1706 baptismatis
1351 1655 1381 1694 ac

141 1731 165 1782 in
186 1731 312 1794 ungendis
331 1730 447 1783 infirmis.

244 1815 457 1868 Reverendissimi
483 1821 568 1870 antem
593 1816 640 1880 ipsi
660 1815 785 1870 ordinarii
805 1828 911 1869 monere
937 1817 1064 1870 curabunt
1087 1805 1162 1880 qnam
1189 1815 1300 1878 primum
1319 1817 1384 1880 illos,

143 1905 174 1956 ad
194 1916 256 1970 quos
275 1905 384 1966 spectat,
403 1904 435 1954 da
448 1905 580 1968 praedicta
593 1903 737 1968 apostolica
756 1905 957 1969 dispensatione,
977 1902 1005 1956 itt
1017 1904 1077 1956 Dtea
1099 1916 1172 1956 sacra
1187 1917 1238 1956 raon
1257 1903 1384 1964 deliniant,

143 1991 302 2044 ininndendo
322 1992 414 2053 etiam,
433 1995 541 2053 urgente
560 1992 714 2044 necessitate
733 1995 832 2056 partem
852 1993 978 2045 modicam
997 1997 1023 2044 et
1041 1992 1146 2044 minoris
1167 1991 1316 2056 quantitatis
1334 1990 1384 2043 olel

143 2091 194 2130 non
213 2078 337 2131 benedicti
357 2079 382 2129 in
402 2078 469 2130 Dteis
490 2078 639 2131 benedictis.
677 2077 857 2131 sanctionibus
877 2079 1078 2144 quibuscumque
1096 2093 1127 2131 ac
1147 2079 1262 2134 Decretis
1281 2079 1305 2130 in
1325 2091 1384 2130 con·

142 2163 246 2216 trarinrn
266 2164 460 2228 disponentibus
479 2163 584 2218 nrinirne
603 2165 770 2218 obstantibus.
1375 2235 1376 2238 Ἴ

80 2233 89 2246 ⁴
324 2251 348 2303 c.
368 2251 509 2316 episcopus
529 2252 663 2304 annuens.
684 2255 709 2304 ei
727 2255 750 2306 s.
770 2253 875 2306 nunnae
895 2252 971 2304 carn.
992 2250 1349 2305 Palaescamander.

329 2381 334 2387 ,
549 2399 557 2412 .
852 2341 878 2390 D.
898 2337 1062 2392 Bortoiiran'
1080 2343 1105 2392 S.
1126 2339 1151 2391 il.
1171 2339 1197 2390 c.
1216 2339 1384 2390 secretarius.

245 2425 281 2476 lll.
296 2424 297 2428 ’
311 2427 404 2478 ‚tusser
422 2426 474 2477 den
493 2426 587 2478 bereits
606 2425 639 2478 im
660 2425 772 2480 Arabio
792 2427 879 2489 ltlllll‚
899 2428 949 2482 att
968 2426 993 2478 tt.
1014 2426 1174 2478 berirhteten
1193 2426 1342 2478 Postulaten
1360 2425 1384 2476 in
1426 2485 1429 2492 ξ

141 2512 238 2563 Detretl
255 2511 302 2564 der
322 2509 629 2582 Gescbdftsordnnnp
654 2515 699 2566 des
719 2513 819 2566 Concits
843 2515 881 2565 las
900 2525 960 2566 man
979 2513 1004 2564 in
1030 2515 1079 2565 den
1099 2497 1247 2576 Zeitungen
1268 2513 1384 2574 ,latarags

141 2597 254 2650 Februar
281 2609 330 2648 aon
359 2598 441 2664 etnam
470 2599 628 2653 Postulatum
656 2602 727 2653 einer
755 2599 851 2652 anzahl
872 2597 1004 2660 bisantia,
1033 2599 1102 2660 dass,
1121 2612 1164 2669 am
1187 2594 1285 2664 Deginn
1311 2599 1386 2664 jeder

142 2684 247 2748 Sitznng
266 2685 312 2736 das
331 2682 463 2738 Protokoil
482 2685 527 2737 der
547 2687 818 2752 norbergegangenen
838 2687 957 2740 rerlesen
974 2686 1078 2748 werde,
1098 2687 1149 2738 nard
1170 2699 1220 2738 aon
1240 2687 1322 2740 ciuem
1342 2699 1385 2738 an-

144 2771 227 2821 deren
246 2771 418 2834 Postulatmn,
443 2773 517 2833 dass,
543 2783 586 2824 nm
606 2773 659 2824 Zeit
678 2775 728 2825 und
749 2774 984 2836 D'iederbolnngen
1008 2786 1040 2824 zu
1065 2784 1203 2836 essperia,
1229 2775 1386 2825 tussctibase

142 2870 188 2909 zor
206 2857 403 2920 lorberathung
422 2861 469 2912 der
488 2872 535 2912 zur
553 2859 737 2924 verbandlnng
756 2862 929 2914 tommenden
948 2861 1048 2925 Fragep
1068 2860 1184 2922 gebildet
1202 2859 1254 2912 nard
1273 2859 1385 2912 Bericht-

35 2989 37 2992 ,
142 2948 265 2996 erstatter
292 2957 337 2998 zur
364 2927 649 3018 luseinandersetzung
683 2947 733 2999 nard
762 2945 961 3010 vermetdtgung
988 2947 1034 2999 der
1062 2947 1317 3011 ausschnssantrage
1345 2959 1385 2999 er·

145 3034 226 3084 narrat
245 3028 361 3084 iahrdeu.

141 3133 159 3186 Ι
165 3131 194 3185 V.
213 3133 388 3204 Folpender
401 3133 515 3188 Zoootz
534 3137 643 3206 erpirap
653 3135 767 3206 jedocb
785 3152 842 3190 zur
861 3115 1168 3216 Geachdsisoreirtaanp
1181 3119 1234 3190 dea
1247 3105 1390 3190 Conciiar

294 3283 296 3288 .
680 3239 853 3296 Decretum.

245 3329 397 3392 apostaticis
416 3328 526 3392 Litteris,
545 3327 584 3379 die
604 3329 644 3380 24.
664 3328 813 3380 Novembris
838 3341 906 3381 antro
934 3329 1048 3392 proximo
1069 3327 1194 3392 superiori
1213 3327 1301 3388 editis,
1321 3340 1385 3392 qna·

142 3427 198 3468 ram
218 3415 314 3468 initium
334 3413 501 3478 »Multiplices
521 3416 613 3478 intem«
631 3417 751 3468 Summus
771 3415 889 3470 Pontitex
909 3416 1025 3468 ordinem
1045 3417 1195 3481 generalem
1212 3414 1342 3468 constitnit
1359 3413 1384 3466 iu

142 3501 253 3554 vaticani
274 3501 379 3554 concilii
398 3501 573 3554 celebratione
598 3505 768 3566 servandum,
787 3503 811 3553 in
831 3502 924 3568 iisqne,
944 3507 1048 3566 praeter
1066 3503 1130 3562 alia.
1158 3504 1242 3554 certas
1262 3489 1384 3564 qrrasdam

119 3579 130 3591 ”“
142 3589 244 3651 regulas
263 3586 365 3640 tradidit
385 3587 475 3653 quibus
494 3586 589 3640 rationi
608 3587 822 3650 disceptattonum
841 3601 856 3639 a
876 3589 992 3641 Patribus
1006 3589 1184 3641 habendarum
1198 3587 1384 3647 consuleretur.

245 3673 301 3724 taur
321 3685 383 3725 nero
403 3673 459 3736 lpse
478 3672 660 3726 sanctissimus
679 3673 800 3727 Dominus
820 3675 979 3738 propositam
998 3675 1045 3727 sibl
1065 3675 1142 3728 tlnern
1161 3673 1263 3726 facilins
1282 3673 1385 3737 assequi

142 3759 255 3826 rapiens,
274 3772 322 3812 nec
340 3771 392 3812 raon
411 3761 539 3813 rationem
557 3761 655 3814 habens
675 3762 911 3826 expostulationum
931 3774 998 3826 qnae
1021 3775 1036 3814 a
1060 3763 1189 3826 plerisque
1214 3759 1317 3814 concilii
1336 3761 1384 3812 l’e·

142 3848 223 3900 tribus
243 3847 310 3900 band
329 3847 410 3898 semet
434 3837 563 3899 exhibitae
588 3850 649 3898 sunt
674 3859 705 3900 en
726 3860 757 3901 eo
777 3847 844 3914 qnod
870 3848 1087 3912 disceptationum
1105 3847 1285 3902 eonciliartmn
1303 3849 1384 3901 series

142 3934 167 3986 in
185 3937 292 4000 tongum
310 3935 368 3998 plus
386 3945 471 3998 aequo
490 3934 663 3998 protrahatur,
683 3947 714 3986 ert
733 3935 876 3998 apostolica
901 3947 948 3987 sna
967 3933 1138 3988 sollicitudine
1164 3936 1289 3999 quasdam
1308 3947 1385 3999 pecu·

143 4020 220 4072 tiares
247 4032 301 4082 pro*
313 4019 547 4083 congregationum
575 4020 737 4082 generalium
762 4022 963 4076 discussionibus
990 4019 1095 4073 tradere
1122 4031 1228 4073 normas
1247 4019 1385 4082 constitnit,

145 4116 209 4167 quae
229 4107 408 4168 praestitutum
434 4105 585 4171 generalem
610 4107 727 4161 ordinem
756 4109 899 4160 evolvendo
923 4111 1000 4172 atque
1026 4107 1153 4172 integram
1175 4107 1303 4160 servando
1326 4119 1385 4158 earn

144 4191 331 4262 discussionem
350 4193 506 4254 libertatem,
526 4205 591 4257 quae
611 4192 761 4247 catholicae
779 4195 908 4248 Ecclesiae
921 4195 1059 4258 Episcopus
1078 4195 1169 4246 deceat
1183 4193 1287 4257 pleniori
1307 4207 1385 4258 expe·

144 4278 280 4345 ditiorlque
304 4280 403 4332 ratione
429 4282 461 4334 ad
486 4292 572 4334 reram
592 4283 781 4334 tractandarum
801 4294 925 4346 examen,
944 4282 1158 4345 disceptationem
1179 4280 1384 4344 etdeliberatio·

103 4433 106 4436 Ι
144 4377 202 4418 nem
222 4363 380 4418 conferrent.
1130 4434 1132 4440 ἲ

248 4451 417 4514 Quamobrem
445 4455 621 4509 cardinalibus
648 4453 884 4520 congregationum
912 4453 1072 4518 generalium
1091 4452 1254 4506 Praesidibas
1281 4453 1306 4505 in
1325 4459 1385 4506 con·
1410 4517 1414 4524 Ι

143 4540 225 4594 sitium
245 4539 374 4602 adhibitis,
393 4543 418 4592 et
437 4543 554 4606 quaesita
573 4541 649 4594 etiarn
668 4541 793 4594 sententia
813 4542 915 4594 aaaron
935 4541 1071 4605 peculiaris
1084 4539 1299 4604 congregationis
1318 4541 1384 4592 reci·

144 4627 243 4691 piendis
261 4625 488 4692 expendendisque
514 4627 696 4691 episcoporum
716 4626 933 4692 propositionibus
958 4627 1025 4680 idem
1051 4626 1233 4682 Sandisslmus
1262 4626 1384 4684 hominus

144 4714 236 4768 Noster
254 4716 392 4781 sequentes
411 4713 585 4769 ordinationes
605 4714 718 4768 edendas
736 4715 929 4780 servandosque
948 4714 1086 4769 mandavit
