3152 5014
54 307 57 314 .
169 226 231 293 152
293 239 415 316 Vertaq,
434 246 525 308 alten,
544 244 674 298 Schriften
690 245 740 298 und
762 245 887 298 thaclre
906 257 965 298 aum
983 245 1182 298 crumenisclren
1200 243 1295 298 concil.

167 417 251 483 Anni
275 415 357 481 1869
380 413 522 480 omnibus
545 415 692 482 Ecclesiis
715 414 945 500 capitularibus
973 416 1006 484 et
1033 414 1294 482 Conventualibus
1315 415 1414 484 Urbis

167 523 200 588 et
236 519 327 587 Orbis
364 519 486 602 praeter
524 522 702 585 consuetam
740 518 981 586 Conventnalem
1019 519 1234 587 celebrandam
1270 522 1413 605 qualibet
1547 509 1554 514 ’

167 625 258 692 Neria
280 625 318 690 V.
340 623 486 707 injunxit,
510 625 542 689 et
564 623 601 689 de
624 623 761 690 Oollccta
784 623 822 689 da
843 624 950 689 eodem
973 622 1091 708 Spiritu
1113 623 1226 691 Sancto
1248 625 1282 690 in
1304 625 1412 692 Missis

167 729 305 815 quotidie
339 727 480 793 addenda
513 729 673 812 sequentia
705 728 801 794 dubia
830 727 994 794 Sacrorum
1016 729 1414 816 Rituumrcongragationi

169 833 307 902 exhibita
328 834 463 899 fuerunt.
486 833 663 898 Nimirum:

272 937 354 1005 aaa.
378 945 416 1008 1ἡ
453 939 502 1004 An
534 939 694 1022 praedicta
715 938 812 1004 Missa
834 937 939 1005 votiva
961 937 998 1004 de
1021 936 1140 1022 Spiritu
1162 937 1275 1004 Sancto
1298 933 1412 1005 debeat

169 1063 235 1112 esse
258 1043 455 1110 certatuml
477 1044 586 1110 lecta?

272 1145 354 1214 Dat.
369 1147 420 1214 11.
466 1146 515 1212 An
537 1146 611 1211 huic
633 1145 748 1212 Missae
770 1145 844 1212 addi
867 1145 978 1211 debeat
1001 1145 1115 1212 Gloria
1138 1146 1169 1211 et
1192 1145 1320 1215 credo?
1374 1213 1375 1217 ,

271 1252 355 1320 Dua.
379 1252 450 1318 ΙΙΙ.
495 1251 546 1316 An
568 1251 645 1316 haec
668 1251 764 1316 Missa
797 1251 970 1316 omittenda
1004 1251 1046 1315 sit
1078 1249 1112 1316 in
1141 1251 1258 1317 octavis
1284 1251 1413 1335 privile-

169 1357 264 1442 giatis
277 1356 441 1423 Paschatis
462 1357 494 1422 et
507 1355 708 1440 Epiphaniae,
730 1355 868 1439 itemque
879 1355 1066 1422 Natiuitatis
1081 1357 1112 1422 et
1125 1355 1266 1440 Corporis
1283 1357 1413 1436 christi,

169 1461 353 1546 praesertim
375 1461 402 1526 si
425 1462 473 1526 est
493 1461 599 1526 lecta?

250 1562 357 1630 Dat.
374 1564 435 1630 IV.
482 1563 549 1644 Qua
568 1563 645 1629 hora
667 1563 743 1628 haec
765 1562 862 1628 Missa
885 1561 1034 1628 celebrari
1057 1562 1192 1628 debeat?

273 1667 357 1736 Dat.
389 1667 420 1734 V.
454 1667 505 1732 An
526 1667 559 1733 in
581 1668 640 1732 hac
662 1667 760 1732 Missa
782 1668 878 1734 caica
894 1666 1004 1734 Oratio
1019 1667 1069 1732 vel
1077 1668 1191 1750 pluras
1204 1667 1291 1734 utin
1305 1668 1411 1735 Missis

169 1771 280 1837 votivis
303 1771 364 1836 dici
386 1770 542 1837 debeant?

273 1873 357 1942 Dat.
386 1875 441 1941 VI.
465 1873 515 1940 An
537 1875 579 1940 sit
601 1892 677 1941 onus
692 1875 871 1959 impositum
884 1874 1047 1941 canonicis
1062 1875 1226 1960 velpotius
1239 1875 1412 1944 ecclesiae?

267 1977 356 2046 ‘Dela
385 1979 462 2045 VII.
493 1981 530 2044 In
552 1979 689 2044 ecclesiis
711 1980 894 2063 praesertim
915 1979 1219 2062 sanctimonialium,
1243 1981 1276 2046 in
1299 1982 1412 2064 quibus

170 2083 301 2148 attentis
329 2084 504 2167 temporum
539 2083 780 2149 circumstantiis
816 2103 876 2148 una
899 2083 997 2148 Missa
1030 2084 1081 2150 vix
1113 2085 1217 2168 potest
1251 2087 1412 2167 celebrari,

170 2186 245 2270 quid
267 2187 335 2252 fieri
358 2187 493 2252 debeat?
515 2206 666 2271 quaenam
689 2187 882 2253 omittenda?

273 2290 356 2386 Dat.
387 2292 483 2359 VIII.
518 2293 569 2357 An
599 2291 735 2359 collecto
762 2293 799 2358 de
825 2290 943 2376 Spiritu
969 2291 1082 2358 Sancto
1110 2291 1223 2358 debeat
1253 2293 1357 2360 omitti
1379 2293 1412 2360 in

170 2397 277 2463 diebm
294 2399 423 2480 primm
444 2399 477 2463 et
498 2397 652 2464 secandae
674 2397 809 2462 classis?

272 2501 358 2566 Haec
386 2503 491 2567 autern
522 2501 616 2566 dubia
643 2519 738 2584 quum
767 2499 960 2583 subscriptus
983 2499 1173 2566 Secretarius
1195 2499 1356 2566 retulisset
1377 2503 1410 2568 in

170 2603 341 2670 Ordinariis
363 2604 526 2670 Sacrorum
548 2604 680 2686 Pqituum
703 2603 862 2683 comitiis,
886 2603 1069 2688 subsignata
1092 2602 1204 2668 dicad
1227 2603 1411 2671 Vaticanum

169 2707 297 2788 habitis,
318 2708 564 2774 Eminentissimi
587 2727 623 2774 ac
644 2707 904 2773 Reverendissimi
926 2708 1037 2773 Patres
1059 2707 1160 2774 Sacris
1183 2708 1307 2774 tuendis
1329 2693 1411 2775 Riti·

169 2813 227 2877 bus
249 2814 432 2898 praepositi,
461 2813 567 2878 audito
596 2813 682 2896 prius
712 2813 783 2878 voto
814 2813 944 2878 alterius
967 2833 1002 2878 ex
1027 2813 1277 2896 Apostolicorum
1301 2813 1412 2881 Caere-

170 2917 343 2982 moniarum
366 2917 527 3002 Magistris
543 2917 657 3000 scripto
680 2917 815 2995 exarato,
838 2916 980 3001 typisque
1002 2917 1158 3001 evulgato,
1181 2917 1410 2984 rescribendum

171 3023 372 3088 censuerunt:
726 3067 728 3072 .
1048 3069 1051 3074 -

273 3126 329 3192 Ad
349 3125 379 3191 1.
409 3125 451 3190 'ln
473 3125 614 3191 omnibus
631 3125 870 3192 cathedralibus
893 3127 925 3192 et
946 3126 980 3191 in
1002 3123 1184 3210 collegiatis
1198 3125 1253 3190 abi
1273 3125 1411 3210 quotidie

170 3233 295 3298 accitur
317 3229 414 3296 Missa
437 3229 670 3310 conventualis,
704 3231 823 3296 cantari
855 3230 947 3296 debet
980 3229 1076 3296 etiarn
1106 3229 1203 3294 Missa
1233 3229 1271 3294 de
1294 3229 1411 3314 Spiritu

170 3333 301 3412 Sanct03
332 3334 365 3400 in
388 3333 459 3399 aliis
482 3334 619 3399 ecclesiis
641 3334 674 3399 in
702 3333 797 3400 Brevi
818 3333 996 3417 Apostolioo
1020 3331 1192 3416 designatis
1214 3333 1291 3397 haec
1313 3333 1411 3398 Missa

169 3440 262 3506 debet
284 3440 348 3524 legi
370 3440 420 3504 vel
443 3431 525 3517 cani,
548 3440 640 3528 prout
662 3440 775 3523 lapitar
797 3439 847 3504 vel
870 3439 996 3504 canitur
1017 3437 1115 3503 Missa
1139 3435 1367 3503 Conventualis.

271 3545 327 3611 Ad
349 3544 399 3610 II.
429 3544 467 3609 ln
489 3561 563 3608 casu
585 3544 652 3608 tam
673 3543 706 3608 in
729 3543 827 3608 Missa
847 3562 919 3608 curn
941 3543 1035 3608 cantu
1056 3561 1150 3626 quam
1172 3541 1205 3606 in
1226 3541 1324 3618 Missa
1346 3541 1413 3606 sine

170 3650 263 3714 cantu
285 3649 424 3716 addatur
448 3647 563 3713 Gloria
586 3647 617 3712 et
639 3645 751 3728 credo.

162 3775 164 3780 ·
260 3752 327 3818 *Ad
350 3751 421 3817 III.
467 3751 620 3822 Standum
645 3753 693 3818 est
712 3750 949 3837 praescriptioni
972 3751 1096 3832 Brevis,
1127 3750 1256 3834 ideoque
1278 3751 1412 3836 stapulas

168 3856 267 3922 Feriis
288 3856 326 3920 V.
348 3856 506 3940 inquibus
529 3878 592 3922 aoa
612 3857 754 3922 occurrat
775 3856 897 3940 Duplex
912 3856 1030 3940 primae
1046 3855 1095 3922 rel
1117 3855 1269 3922 secundae
1292 3854 1410 3934 classis,

169 3961 217 4026 est
239 3960 431 4039 celebranda,
454 3960 579 4026 etiamsi
601 3961 773 4026 celebretur
793 3961 884 4026 lecta.

190 4087 192 4090 ·
272 4065 329 4132 Ad
350 4064 412 4130 IV.
436 4063 586 4131 cantetur
608 4066 663 4132 aut
684 4066 811 4150 legatur
826 4065 893 4148 post
908 4065 1043 4144 Nonam,
1067 4064 1099 4130 et
1114 4064 1210 4130 etiam
1224 4065 1412 4148 postomnes

167 4169 280 4234 Missas
303 4187 321 4234 a
343 4169 473 4234 rubricis
495 4169 602 4234 eadem
627 4169 675 4235 die
698 4169 913 4253 praescriptas.

271 4273 327 4340 Ad
353 4272 458 4340 V.·=ln
488 4291 562 4338 casu
591 4272 652 4338 dici
683 4274 775 4338 debet
803 4295 869 4340 aaa
891 4277 1012 4341 tortura
1036 4271 1147 4342 Oratio
1169 4272 1291 4339 tamin
1313 4273 1411 4338 Missa

168 4397 238 4443 cum
260 4378 364 4457 cantu,
387 4397 480 4462 quam
501 4378 534 4444 in
556 4377 653 4443 Missa
676 4378 742 4444 sine
764 4380 868 4444 cantu.

270 4484 327 4550 Ad
351 4483 408 4550 VI.
453 4482 510 4548 Est
532 4501 607 4547 onas
631 4481 792 4562 ecclesiae,
821 4484 854 4549 at
882 4480 989 4548 haberi
1020 4480 1111 4547 debet
1133 4480 1169 4544 ut
1191 4499 1264 4564 pars
1286 4482 1408 4548 servitii

169 4587 309 4654 choralis.

1546 4885 1562 4974 l
