3192 5008
246 297 310 363 326
354 319 389 371 ιιι
409 316 453 372 rr.
470 313 511 370 ιι.
530 315 616 369 conse.
629 311 734 383 Aponi.
753 316 835 377 sena
847 316 872 370 ι.
892 316 933 369 ra
952 317 1004 370 on.
1021 328 1105 380 uren.
1118 317 1143 369 o.
1162 317 1204 370 ao.
1224 315 1281 369 nee
1299 307 1376 368 ‘raon

556 1125 821 1195 seuerissrnr
846 1125 1003 1193 ιιοιιιιιι
1024 1123 1178 1192 rosum

301 1281 376 1368 Pii
402 1279 557 1366 divina
582 1281 865 1384 providentia
889 1281 1036 1384 Papae
1061 1277 1141 1364 IX.
1169 1275 1439 1404 constitutio

367 1477 430 1541 qua
451 1457 696 1524 Ecclesiasticus
718 1455 877 1524 Censuruc
899 1457 983 1523 lotoe
1004 1457 1172 1524 scantentioe
1194 1455 1370 1520 limitantur

534 1612 572 1684 [d.
591 1617 616 1669 d.
636 1617 676 1668 12.
696 1615 759 1680 liet,
778 1617 907 1682 promulg.
926 1616 951 1668 d.
970 1615 1011 1667 2⁰.
1030 1615 1089 1667 lice.
1111 1609 1196 1679 ists]

493 1759 589 1812 Romae
613 1770 645 1810 ex
669 1755 849 1822 lypogrsplris
870 1755 1028 1810 leucum.
1052 1756 1138 1820 lpcsa
1163 1752 1238 1806 1869.

455 1891 522 1954 (νηί.
544 1907 589 1940 nur
603 1891 747 1954 Erlrliiruug
762 1893 844 1939 dieser
858 1891 930 1938 Bulle
945 1889 1069 1940 Archiv
1084 1889 1177 1950 xxm,
1193 1891 1238 1938 165
1253 1889 1280 1947 f.)
1371 1959 1373 1966 ,

247 2015 329 2082 Pius
350 2014 531 2098 Episcopus
551 2015 668 2084 Sanus
680 2015 850 2082 &moram
871 2013 936 2080 Dei
957 2013 1001 2079 nd
1017 2018 1205 2096 metuam
1223 2014 1273 2078 rei
1294 2015 1488 2080 morium.

256 2179 258 2189 ·
351 2151 547 2236 Apostolicae
566 2151 655 2220 Sedis
674 2149 882 2220 'moderationi
899 2151 1051 2234 convenit,
1073 2171 1152 2237 quae
1168 2152 1334 2218 salubriter
1348 2155 1488 2219 veterum

248 2257 398 2305 canonum
422 2241 608 2306 anctoritate
630 2241 801 2306 const'tuta
822 2242 912 2320 sunt,
936 2239 981 2305 sie
1003 2240 1152 2320 retinere,
1183 2241 1235 2320 nt,
1264 2241 1291 2304 si
1313 2242 1489 2324 temporum

246 2345 409 2410 rerumque
431 2329 565 2394 mutatio
580 2327 739 2412 quidpiam
762 2346 828 2393 esse
844 2327 1080 2412 temperandum
1101 2325 1247 2410 prudenti
1262 2326 1489 2410 dispensatione

246 2413 387 2494 suadeat,
409 2413 527 2479 Eadem
549 2415 727 2514 apostolica
750 2413 843 2482 Sedes
865 2433 1035 2500 congruum
1059 2431 1219 2497 supremae
1236 2432 1309 2478 snae
1323 2412 1488 2496 potestatis

246 2499 417 2566 remedium
440 2519 476 2566 ac
498 2500 722 2586 provrdentiaru
746 2501 914 2586 impendat.
945 2499 1151 2583 Quamobrem
1167 2518 1236 2564 cnm
1252 2499 1354 2565 animo
1372 2499 1488 2565 Nostro
1577 2512 1578 2522 ¹

252 2586 433 2670 'ampridem
456 2587 700 2668 revolveremus,
735 2587 960 2654 ecclesiasticas
990 2605 1151 2666 censuras,
1186 2605 1263 2670 quac
1285 2605 1339 2669 per
1361 2586 1488 2652 modum
1577 2591 1578 2664 ἴ

259 2675 330 2738 atae
364 2673 551 2754 sententiae,
585 2675 710 2757 isoque
744 2675 825 2740 lacto
858 2673 1060 2741 incurrendae
1095 2671 1134 2738 ad
1163 2671 1416 2738 incoluminabem
1451 2692 1488 2738 ac
1577 2669 1578 2708 ³

248 2759 442 2842 disciplinam
471 2759 569 2846 ipsius
595 2695 752 2827 icelesiae
774 2759 957 2842 tutandam,
987 2759 1192 2842 effrenemqne
1214 2759 1422 2844 improborum
1445 2759 1486 2824 li·

247 2846 381 2912 centiam
405 2847 603 2912 coercendam
630 2850 663 2912 et
684 2847 910 2912 emendandam
932 2848 1038 2914 sancte
1059 2863 1114 2929 per
1135 2845 1275 2931 singulas
1297 2847 1416 2913 aetates
1438 2847 1488 2911 in·

248 2932 351 2998 dictae
374 2951 410 2998 ac
431 2934 647 3018 promulgatae
670 2935 752 3013 sunt,
775 2953 925 3018 magnum
940 2934 1157 3000 adnumerum
1172 2933 1286 2998 sensim
1304 2932 1488 3017 excrevisse

247 3017 398 3103 quasdam
421 3021 527 3100 etiam,
549 3021 740 3104 temporibus
761 3021 957 3104 membrisque
979 3019 1120 3096 mutatis,
1143 3039 1163 3084 a
1183 3019 1244 3084 fine
1259 3019 1352 3104 atque
1374 3020 1488 3098 causis,

246 3107 283 3172 ob
307 3123 384 3189 quas
402 3105 567 3190 impositae
589 3107 728 3186 inerant,
749 3107 799 3172 vel
821 3127 839 3172 a
860 3107 991 3190 pristina
1013 3105 1170 3186 utilitate,
1192 3107 1286 3190 atque
1308 3106 1488 3190 opportuni-

245 3195 312 3258 tate
335 3192 499 3270 exeidisse;
534 3212 662 3280 eamque
697 3191 734 3259 ob
767 3213 834 3258 rem
866 3213 927 3260 uon
957 3193 1166 3293 infrequentes
1200 3191 1273 3258 oriri
1295 3192 1359 3259 sive
1381 3192 1414 3258 in
1436 3193 1486 3274 iis,

246 3277 357 3362 quibus
380 3278 553 3345 animarum
574 3298 648 3366 cura
671 3279 833 3346 commissa
856 3282 920 3360 e'st,
951 3279 1015 3346 sive
1043 3299 1076 3344 ιιι
1106 3278 1182 3364 ipsis
1211 3277 1355 3344 fidelibus
1377 3279 1487 3346 dubie-

246 3367 346 3446 tates,
380 3365 569 3445 anxietates,
607 3385 798 3456 angoresque
831 3365 1049 3444 conscientiae;
1085 3365 1151 3432 Nes
1184 3365 1336 3450 ejusmodi
1367 3365 1488 3432 incom-

244 3452 344 3518 modis
385 3471 542 3518 occurrere
585 3451 737 3533 volentes,
772 3453 893 3536 plenam
943 3451 1121 3519 earumdem
1159 3451 1365 3518 recensionem
1406 3452 1484 3532 lieri,

244 3537 402 3622 Nobisqne
424 3537 551 3624 proponi
570 3537 736 3623 jussimus,
754 3541 791 3606 ut
815 3539 959 3626 diligenti
981 3537 1122 3606 adhibita
1144 3539 1398 3616 consideratione,
1419 3541 1488 3604 sta-

244 3627 419 3706 tueremus,
443 3644 591 3712 quasnam
615 3645 650 3693 er
672 3625 736 3704 illis
759 3645 880 3693 servare
909 3645 945 3692 ac
972 3624 1106 3692 'retinere
1128 3627 1292 3710 oporteret,
1314 3644 1391 3710 quas
1413 3644 1488 3692 vero

245 3709 410 3792 moderari,
433 3713 488 3778 aut
511 3713 660 3800 abrogare
682 3714 873 3798 congrueret.
917 3713 965 3780 Ea
984 3710 1082 3798 igitur
1096 3711 1271 3778 recensione
1289 3714 1425 3796 peracta,
1450 3730 1487 3778 ac

244 3797 478 3864 Venerabilibus
510 3799 672 3868 Fratribus
705 3798 829 3868 Nostris
862 3799 893 3865 S.
917 3799 954 3868 R.
971 3799 1013 3865 E.
1037 3795 1252 3864 cardinalibus
1285 3799 1318 3864 in
1351 3799 1488 3884 negotiis

244 3883 333 3950 Fidei
354 3883 557 3957 Camenalibus
588 3885 825 3972 inquisitoribus
858 3903 913 3970 per
946 3886 1123 3952 universam
1152 3885 1362 3952 Christianam
1391 3885 1488 3951 Rem-

245 3969 402 4054 publicam
422 3971 580 4057 deputatis
603 3973 635 4039 in
657 3973 819 4040 consilium
841 3973 985 4054 adscitis,
1011 3991 1105 4056 reque
1134 3971 1188 4040 diu
1211 3990 1247 4037 ae
1268 3973 1389 4038 mature
1410 3991 1486 4054 per-

245 4077 350 4141 pensa,
372 4059 459 4124 metu
480 4060 620 4144 proprio,
653 4063 739 4127 certa
771 4059 917 4138 scientia,
952 4059 1082 4124 matura¹
1109 4057 1332 4124 deliberatione
1357 4059 1486 4136 Nostra,

244 4144 342 4228 deque
358 4145 553 4229 spostolicae
567 4147 700 4214 Nostrae
714 4147 879 4232 potestatis
893 4144 1095 4229 plenitudine,
1114 4145 1173 4210 hae
1187 4147 1337 4230 perpetue
1348 4143 1489 4214 valitura

245 4229 472 4298 Constitutione
494 4232 701 4312 decernimus,
731 4235 768 4299 ut
790 4253 826 4299 ex
848 4233 1091 4316 quibuscumque
1120 4231 1257 4297 censuris
1277 4233 1341 4299 sive
1364 4251 1487 4298 excom·

243 4317 472 4397 municaricnis,
495 4319 559 4385 sive
582 4321 798 4404 suspensionis,
821 4320 885 4384 sive
900 4318 1070 4397 interdicti,
1093 4337 1171 4402 quae
1190 4337 1245 4402 per
1259 4319 1386 4385 modum
1399 4319 1488 4384 latae

244 4405 432 4486 secuntiae,
455 4405 581 4490 ipsoque
603 4408 684 4473 lacto
705 4407 907 4472 incurrendae
928 4405 1078 4472 hactenus
1101 4405 1262 4490 impositae
1285 4405 1375 4487 sunt,
1406 4425 1487 4470 non-

243 4491 305 4556 nisi
327 4491 411 4572 illae,
434 4510 510 4574 quas
532 4491 565 4556 in
587 4491 645 4559 hae
667 4495 734 4577 ipsa
750 4491 976 4559 Constitutione
991 4491 1165 4572 inserimus,
1188 4511 1283 4576 eoque
1304 4492 1404 4571 modo,
1424 4509 1487 4576 quo

243 4577 416 4658 inserimus,
439 4578 532 4643 robur
548 4580 656 4646 exinde
671 4581 823 4655 habeant;
847 4578 940 4644 simul
955 4578 1165 4658 declarantes,
1180 4579 1303 4644 easdem
1317 4598 1378 4644 non
1391 4578 1488 4643 modo

244 4681 280 4726 ex
311 4665 450 4729 rourum
485 4683 635 4731 canonum
669 4667 873 4744 audacitate,
908 4666 1061 4748 quatenus
1093 4684 1163 4730 eum
1185 4665 1243 4732 hae
1264 4665 1380 4731 Nostra
1403 4662 1488 4730 Con-
