3160 5010
364 308 493 383 desponsa
512 311 593 384 princ.
612 310 724 383 archiep.
745 304 959 372 arusianensis
978 315 1016 377 (a.
1039 298 1126 380 1868.)
1210 321 1212 329 “
1299 278 1361 360 461

125 508 160 554 cr
182 487 377 556 matrimonio
401 487 485 556 civili
513 487 698 574 obligatorio
722 487 867 553 evitanda
888 486 937 552 vel
960 485 1071 552 saltem
1094 485 1263 551 minuenda
1278 483 1361 549 haud

126 593 265 678 expedit,
294 593 331 658 ut
361 593 459 658 forma
490 591 683 658 matrimonii
705 590 949 657 antetridentina
971 587 1201 656 commendetur
1223 589 1363 673 repsisti-

128 694 238 776 nanda,
264 693 317 760 sed
337 696 439 780 potius
462 695 595 762 retentio
618 697 650 762 et
678 695 800 780 integra
831 693 1005 761 observatio
1035 691 1159 759 Decreti
1183 691 1364 762 Conciliaris

129 798 306 866 »Tametsis
347 799 412 883 (Tr.
446 817 470 865 s.
509 795 622 867 XXIV.
647 800 684 866 de
716 804 751 868 12¹
768 820 809 867 m.
834 819 859 866 c.
883 800 923 886 1)
947 797 1078 864 anacrrm
1104 797 1363 865 declarationibus

127 903 289 970 Benedicti
321 902 406 970 XIV.
437 904 498 970 huc
526 904 736 988 spectantibus
767 903 916 989 optimum
947 903 1038 970 affert
1068 900 1253 971 antidotum.
1299 902 1364 969 Deo'

126 1009 189 1100 sint
211 1006 330 1088 laudes,
352 1008 433 1092 quod
457 1009 585 1094 exiguus
608 1009 655 1075 est
678 1027 823 1075 numerus
846 1027 961 1088 corum,
985 1007 1037 1092 qui
1060 1007 1257 1074 matrimonio
1280 1007 1364 1074 civili
1447 1088 1450 1093 ¹

127 1112 310 1178 facvrltativo
333 1131 366 1178 se
389 1103 603 1198 mancipantes
626 1133 642 1180 e
665 1114 783 1200 gremio
807 1113 962 1179 Ecclesiae
986 1112 1200 1202 segregantur,
1223 1111 1363 1196 quodque

126 1216 251 1301 parochi
274 1216 387 1301 aliique
410 1216 583 1284 sacerdotes
605 1219 638 1284 in
660 1206 733 1284 cura
748 1218 921 1284 animarum
933 1215 1074 1304 occupati
1086 1217 1209 1282 strenue
1220 1214 1363 1298 laborant

128 1321 165 1386 ad
190 1339 338 1387 venenum
362 1320 448 1386 istud
469 1321 507 1388 ab
531 1321 643 1389 animis
664 1322 802 1388 fidelium
826 1320 1052 1388 removendum.

231 1425 285 1492 Ad
319 1424 377 1491 IV.
424 1427 460 1490 In
491 1426 623 1493 dioecesi
652 1446 731 1502 mea,
759 1425 813 1494 abi
843 1426 985 1492 haereses
1015 1425 1140 1508 impune
1169 1426 1363 1509 grassantur,

79 1531 80 1534 ’
127 1526 282 1594 Ecclesiae
312 1548 442 1596 canones
471 1531 511 1598 acl
539 1533 664 1615 nuptias
693 1531 915 1600 catholicorum
950 1549 1018 1595 cum
1054 1529 1235 1595 acatholicis
1263 1529 1361 1613 perti-

51 1719 52 1722 *
125 1635 232 1698 nentes
247 1634 399 1719 religiose
422 1635 650 1724 custodiuntur.
692 1635 893 1702 'Contracturi
915 1630 1082 1700 edocentur
1104 1633 1142 1698 de
1158 1633 1362 1714 cautionibus,

127 1739 241 1821 absque
264 1739 376 1823 quibus
399 1739 557 1805 naturales
581 1739 762 1832 divinaeque
784 1729 869 1824 leges
891 1741 1016 1804 sauctae
1040 1739 1071 1804 et
1086 1739 1240 1822 perfectae
1256 1737 1363 1804 haberi

126 1844 282 1925 nequeunt
304 1862 359 1909 uec
382 1843 515 1910 faorvltas
538 1843 736 1928 dispensandi
760 1843 928 1928 apostolica
948 1843 1084 1908 traditur
1099 1841 1280 1921 executioni,
1303 1842 1364 1910 nisi

126 1945 316 2012 conditiones
340 1948 480 2034 praeviae
503 1949 535 2013 in
558 1950 627 2014 tuto
650 1949 812 2032 ponantur.
858 1947 974 2029 Quodsi
995 1947 1151 2038 nonnullis
1182 1947 1212 2012 in
1240 1947 1363 2012 casibus

125 2049 300 2116 obedientis
324 2051 491 2117 canonibus
513 2053 698 2140 praestanda
721 2052 893 2137 denegatur
915 2071 974 2117 non
997 2052 1095 2118 solum
1112 2071 1130 2116 a
1145 2051 1262 2136 nuptiis
1277 2069 1364 2126 sacro

124 2171 303 2238 quoeunque
325 2155 388 2219 ritu
411 2154 611 2222 honestastis
633 2157 685 2220 sed
710 2157 803 2222 etiam
828 2175 846 2222 a
869 2155 976 2239 quovis
998 2155 1069 2220 actu
1092 2157 1223 2238 speciem
1254 2173 1363 2239 appro-

125 2258 265 2324 bationis
281 2278 355 2342 prae
378 2260 549 2352 scierantc
572 2261 751 2326 abstinetur.
800 2260 931 2335 Omissio
953 2259 1229 2343 proclamationum
1243 2260 1276 2326 in
1291 2275 1363 2326 con-

123 2363 733 2450 tractibusmatrimonialibus,quibus
763 2365 905 2431 educatio
933 2365 1058 2430 futurae
1087 2363 1181 2447 prolis
1211 2363 1363 2428 catholica

124 2487 183 2532 uon
205 2468 407 2550 promittitur,
430 2469 529 2554 quoad
552 2470 735 2554 principium
749 2470 880 2536 maxime
902 2468 1144 2550 commendatur,
1169 2487 1226 2534 nec
1247 2468 1362 2546 obstat,

124 2573 288 2655 quominus
311 2574 442 2638 servatis
465 2573 648 2657 quibusdam
672 2555 916 2641 formalitatibus
939 2593 994 2656 per
1024 2573 1108 2658 leges
1143 2571 1248 2638 civiles
1274 2591 1364 2655 prae·

127 2675 252 2758 scriptis
275 2677 307 2742 in
330 2663 415 2760 praxi
429 2679 620 2753 exarmatum
634 2678 796 2742 sinautem
818 2675 1073 2761 proclamationes
1089 2675 1177 2755 firrut,
1192 2675 1220 2740 is
1236 2675 1364 2761 cligitur

126 2781 214 2844 tenor
238 2781 411 2861 verborum,
434 2783 470 2845 ut
493 2781 613 2846 theoria
637 2781 793 2848 Ecclesiae
816 2801 875 2846 nou
897 2781 1047 2846 laedatur.
1092 2781 1207 2846 Verum
1237 2779 1274 2844 de
1300 2780 1363 2844 dis·

124 2885 302 2964 pensatione
337 2905 428 2969 super
461 2885 755 2969 proclamationibus
789 2904 888 2951 sermo
923 2904 989 2950 esse
1022 2904 1082 2950 uon
1116 2887 1228 2968 potest,
1251 2884 1362 2968 quippe

124 3005 204 3068 quac
228 2989 364 3070 apertam
388 2990 557 3056 involveret
581 2990 863 3056 contradictionem.
911 2989 1115 3072 Caeteroquin
1142 2989 1252 3054 madiis
1282 3008 1360 3054 non·

122 3091 183 3155 nisi
203 3091 417 3174 spiritualibus
440 3095 652 3178 praecavendi,
676 3114 713 3160 ne
736 3095 804 3178 quis
828 3093 1055 3160 coactionibus
1071 3081 1227 3158 servandis
1244 3093 1364 3172 temere
1441 3107 1443 3110 ·

122 3215 154 3259 se
177 3195 300 3275 subdat,
323 3197 457 3262 facultas
480 3199 582 3264 datur.
629 3197 662 3262 st
686 3197 827 3264 educatio
850 3196 1016 3262 liberorum
1039 3195 1192 3260 catholica
1207 3193 1358 3277 promissa

79 3353 86 3359 .,
122 3299 286 3382 aliquoties
321 3320 378 3366 non
417 3301 613 3384 adimpletur,
649 3301 755 3366 contra
788 3301 910 3384 partem
947 3298 1130 3364 catholicam
1166 3299 1362 3364 matrimonio

122 3403 216 3468 mixto
252 3403 381 3488 ligatam
414 3405 639 3488 procedendum
675 3405 722 3470 est
757 3404 788 3468 iu
822 3405 887 3470 foro
920 3423 978 3468 uon
1010 3405 1132 3468 externo
1156 3402 1209 3467 sed
1231 3403 1362 3469 interno.

122 3506 202 3572 Nam
233 3507 348 3592 gradem
378 3507 485 3592 culpae
513 3511 561 3574 est
600 3509 739 3594 quaestio
778 3507 982 3593 conscientiae
1013 3508 1044 3572 et
1073 3526 1092 3572 a
1122 3505 1363 3572 circumstantiis

125 3609 287 3693 dependet,
311 3631 451 3678 accessere
474 3613 512 3678 ad
537 3631 656 3677 sacrum
682 3611 901 3678 confessionnis
923 3610 1068 3676 interdici
1091 3609 1208 3694 nequit,
1231 3607 1365 3681 inflictio¹

122 3732 321 3780 censurarum
346 3735 447 3783 coram
471 3716 602 3801 parocho
625 3717 657 3782 et
675 3715 808 3782 testibus
831 3715 969 3798 quemvis
985 3733 1054 3779 cunr
1070 3715 1179 3798 gratiis
1202 3711 1363 3778 ecclesias·

120 3819 191 3884 ticis
212 3839 322 3885 riorum
344 3837 468 3904 prorsus
489 3819 568 3884 foret
590 3819 787 3897 dissolutum,
811 3838 880 3884 cum
904 3817 1139 3884 mausuetudine
1160 3817 1262 3902 rigor,
1291 3834 1363 3884 cum

121 3924 333 3990 misericordia
352 3921 513 4006 judicium,
539 3943 608 3988 cum
630 3923 759 3988 leuitate
783 3922 930 3988 severitas
953 3921 1128 3986 adhibenda
1149 3921 1206 3987 est.
1241 3979 1242 3982 ,

227 4030 281 4092 Ad
322 4029 355 4093 V.
403 4027 445 4092 Ut
467 4047 594 4092 rnrrnerc
618 4026 816 4110 praedicandi
829 4025 964 4091 verbum·
979 4024 1117 4090 divinum
1140 4026 1310 4110 furrgantur
1325 4044 1362 4091 ea

121 4149 182 4212 qua
204 4151 259 4213 perr
293 4135 356 4210 est,
392 4132 566 4218 gravitate,
601 4133 639 4196 ad
669 4133 784 4196 slalum
810 4129 982 4196 clericalem
1007 4129 1209 4212 adspirantes
1233 4128 1362 4198 damin

122 4233 308 4300 consistorio
331 4235 504 4320 theologico
527 4238 559 4300 ot
581 4234 752 4300 Seminario
774 4233 953 4299 dioecesano
970 4234 1140 4311 versantur,
1163 4233 1229 4296 tam
1245 4231 1361 4315 regulis

121 4337 309 4404 homileticis
330 4338 523 4410 imbuuntur,
547 4359 637 4424 quam
663 4339 757 4403 sacris
780 4337 985 4414 informantur
1015 4333 1209 4401 concionibus
1239 4335 1359 4401 habeu-

121 4440 179 4521 dis,
202 4463 330 4528 quarum
344 4447 561 4530 argumentum
571 4447 593 4509 ‘a
604 4441 819 4527 Superioribus
831 4439 1033 4520 examinatur,
1050 4441 1216 4523 autequam
1229 4439 1268 4504 ad
1286 4429 1360 4504 'am-

122 4547 229 4612 bonem
261 4550 445 4618 ascenditur.
492 4547 588 4616 Porro
618 4547 743 4634 parochi
780 4545 892 4629 aliique
925 4544 1171 4623 concionatores,
1208 4543 1359 4627 quemad-

122 4653 244 4720 modum
270 4655 349 4721 vitae
373 4651 557 4739 integritate
581 4651 618 4718 ad
640 4649 881 4720 coricionaudum
905 4667 1024 4734 semper
1040 4667 1105 4716 esse
1120 4647 1234 4744 debent
1249 4644 1361 4732 parati,
