3192 5008
7 628 13 776 1

244 329 358 384 ¹lieletlo
378 341 418 392 ep.
437 325 603 391 llottenhurg.
623 327 655 378 ad
674 328 837 391 quaestiones
855 338 871 379 a
890 339 911 378 s.
930 327 1022 392 congr.
1042 323 1119 378 Cone.
1137 337 1241 389 propes.
1313 305 1377 372 305

226 517 391 586 progressu
411 498 631 583 provehuntur.
668 497 744 564 Inde
763 497 810 577 fit,
833 499 901 563 tum
924 498 961 563 ut
979 497 1062 563 inter
1077 496 1266 562 eruditorum
1289 497 1378 564 theo-

227 604 399 689 logicorum
418 603 556 682 nomina,
591 602 644 687 qni
677 602 773 667 unitis
807 601 924 668 uiribus
957 601 1081 685 aliquod
1114 621 1189 685 opus
1216 601 1377 670 literarum

228 706 463 793 aggrediuntur,
486 706 542 772 illa
564 705 778 790 Repetitorum
802 706 936 791 Tubing.
958 705 1085 789 reperiri
1108 706 1236 785 soleant,
1258 709 1327 773 tum
1341 710 1377 773 ut
1430 713 1433 718 '

224 811 350 896 plurimi
372 811 551 876 Diocaeseos
574 829 661 876 0000
685 810 873 890 sacerdotes,
898 809 951 894 qui
973 829 1099 876 munere
1123 810 1226 895 aliquo
1248 809 1377 877 distinc-

225 916 302 982 tiora
325 917 398 980 sunt
419 913 571 999 insigniti,
596 934 612 980 e
634 914 849 998 Repetitorum
872 933 998 980 numero
1022 914 1158 980 exierint.

167 1023 202 1103 2)
225 1019 395 1101 Quotannis
410 1019 492 1085 inter
508 1018 679 1084 sacerdotes
692 1019 828 1103 juniores
845 1018 973 1084 00100010
996 1019 1028 1083 00
1046 1018 1200 1102 probitate
1223 1038 1377 1085 commen-

227 1123 314 1189 datos
338 1125 422 1188 3000
445 1123 622 1188 florinorum
655 1141 776 1187 summa
798 1143 833 1188 er
854 1122 942 1188 bonis
966 1122 1040 1189 0001.
1064 1141 1160 1206 usque
1183 1122 1283 1188 adhuc
1306 1143 1375 1188 aum

225 1230 342 1296 aerario
364 1227 488 1312 publico
511 1227 684 1293 commixtis
708 1227 867 1304 desumto,
898 1247 968 1292 eum
998 1225 1030 1291 in
1052 1226 1145 1294 finem
1168 1227 1376 1307 distribuitur,

224 1335 260 1398 ut
282 1331 497 1398 continuandis
518 1331 551 1396 iu
573 1332 677 1416 aliqua
699 1331 909 1397 Universitate
939 1331 1098 1397 celebriori
1120 1331 1231 1397 studiis
1252 1327 1376 1399 idoncos

224 1456 256 1501 00
279 1436 444 1502 exhibeant
467 1436 516 1500 001
538 1435 577 1501 00
599 1435 767 1501 tradendas
788 1436 896 1500 literas
924 1435 1120 1502 humaniores
1149 1437 1375 1521 severioresque

224 1541 273 1606 001
306 1539 345 1604 00
379 1539 473 1604 010100
506 1538 635 1604 docendi
665 1539 856 1604 0111010010
878 1539 1042 1604 1100010000
1065 1539 1160 1606 theol.
1183 1540 1374 1606 subeundum

224 1644 273 1711 001
302 1643 342 1709 00
372 1643 566 1727 disciplinam
588 1643 741 1727 quandam
763 1663 789 1708 e.
803 1663 833 1728 g.
856 1643 1017 1708 historiam
1044 1643 1129 1723 eccl,
1153 1644 1302 1709 musicam
1325 1663 1375 1710 sa·

224 1767 309 1815 cram
330 1767 385 1832 pro
408 1747 600 1831 viriliparte
625 1748 724 1832 magis
747 1746 959 1827 excolendam,
984 1747 1113 1831 denique
1135 1749 1172 1812 ut
1193 1747 1252 1813 iter
1274 1748 1374 1832 nrajus

224 1853 263 1918 00
285 1851 498 1918 inst'tutiones
522 1851 723 1918 celebriorum
746 1852 909 1918 civitatum
932 1851 1100 1916 catholicas
1130 1851 1304 1917 invisendas
1327 1852 1375 1916 in·

225 1957 369 2022 stituant.

241 2061 290 2126 Ad
304 2061 399 2125 finem
412 2057 666 2143 perlaudabilem,
690 2077 781 2141 quem
804 2059 944 2142 quaestio
959 2033 1114 2142 proponit,
1137 2059 1206 2125 01110
1225 2060 1376 2126 10111000.

137 2165 199 2232 0110
220 2163 310 2230 modo
332 2182 399 2228 0000
422 2163 639 2228 connitendum
663 2163 741 2227 mihi
763 2163 903 2241 010000ος
925 2181 995 2228 000
1016 2163 1048 2228 10
1073 2164 1175 2229 Diaec.
1200 2164 1283 2229 haud
1306 2183 1377 2229 can·

138 2269 304 2338 temnenda
324 2267 443 2334 ratione
465 2287 534 2332 eam
557 2267 661 2352 appeti
684 2287 719 2333 er
740 2267 789 2348 iis,
812 2285 890 2351 quae
913 2268 1046 2351 exposui,
1069 2269 1179 2334 elucet.

243 2374 389 2458 Quaestio
405 2372 470 2438 ΙΧ.
501 2371 647 2454 Quamvis
659 2372 691 2437 in
707 2371 810 2438 Dioec.
823 2371 968 2439 Rottenb.
982 2391 1087 2438 omnes
1099 2372 1301 2440 ordinationes
1317 2391 1377 2439 non

139 2477 172 2542 in
193 2477 324 2543 titulum
346 2475 497 2554 beneficii,
531 2475 639 2542 sedin
668 2475 718 2541 tit.
742 2494 866 2540 mensae
889 2475 967 2541 fiant
989 2477 1097 2560 atque,
1132 2477 1169 2541 ut
1201 2476 1378 2542 canonistas

140 2582 258 2663 dicunt,
282 2583 345 2648 sint
368 2583 545 2662 absolutae,
568 2601 723 2665 nunqnam
747 2583 853 2647 tamen
876 2582 999 2662 accidit,
1023 2603 1043 2648 0
1080 2583 1209 2650 clericus
1232 2583 1295 2649 0100
1318 2601 1378 2647 000

138 2687 365 2772 praebendatus
388 2687 451 2752 0100
473 2681 700 2772 praebendatus
727 2705 839 2750 munus
873 2687 933 2751 sibi
966 2687 1161 2752 commissum
1184 2707 1240 2754 sua
1270 2687 1378 2772 sponte

139 2791 320 2857 deseruerit.
367 2791 467 2873 Quam
489 2810 555 2857 rem
577 2791 627 2856 his
650 2791 750 2857 causis
773 2790 854 2856 effici
877 2810 1001 2858 censeo:

170 2897 201 2981 l)
224 2896 325 2962 Sacris
347 2897 592 2963 ordinationibus
614 2895 825 2962 severissimus
847 2894 900 2962 SS.
927 2897 1113 2982 Theologiae
1136 2896 1377 2963 Candidatorum

226 3000 363 3066 delectus
386 3000 485 3084 quoad
508 2999 680 3078 scientiam,
701 2999 861 3083 pietatem,
883 2999 1071 3083 probitatem
1092 3001 1314 3085 praemittitur.

167 3103 202 3188 2)
225 3103 338 3170 00010
359 3101 463 3168 studia
486 3121 573 3168 sacra
595 3103 736 3188 inprimis
758 3102 837 3167 illud
849 3103 928 3187 juris
944 3123 1061 3183 canon,
1084 3124 1140 3171 000
1155 3105 1257 3170 01000
1279 3107 1378 3173 00010

226 3207 389 3292 disciplina
410 3210 443 3275 id
465 3210 646 3290 intendunt,
669 3213 704 3276 00
729 3210 895 3276 Candidati
917 3212 1074 3277 uinculum
1096 3211 1273 3296 spirituale,
1297 3213 1376 3298 quod

225 3312 307 3378 inter
321 3313 505 3398 Episcopum
528 3315 560 3379 et
573 3314 654 3398 ipsos
676 3314 859 3392 intercedat,
886 3315 969 3380 omni
992 3315 1086 3380 animi
1109 3316 1225 3382 fervore
1248 3317 1378 3383 mentis·
1455 3369 1458 3374 .

228 3436 286 3501 que
308 3417 426 3501 pietate
447 3419 593 3503 amplecti
615 3421 647 3485 et
669 3419 798 3504 diligere
821 3417 990 3484 addiscant.

63 3563 67 3568 -
170 3522 204 3606 3)
225 3521 314 3587 Unde
337 3521 391 3601 fit,
414 3523 450 3588 ut
472 3522 647 3589 obedientia
669 3525 701 3589 et
723 3523 912 3604 reuerentia,
930 3527 1033 3607 'qnam
1057 3523 1227 3590 Ordinandi
1250 3523 1379 3608 promit-

227 3626 310 3705 tunt,
332 3647 392 3692 non
414 3646 466 3693 are
489 3627 600 3706 solum,
623 3627 676 3692 sed
699 3626 788 3693 corde
811 3629 844 3692 et
864 3627 967 3693 animo
989 3628 1171 3712 proferatur.

169 3730 203 3814 4)
226 3730 362 3815 Populus
384 3733 467 3799 cath.
492 3731 665 3798 sacerdotes
687 3749 794 3816 uagos,
817 3750 978 3798 munerum
1001 3733 1171 3799 desertores
1194 3735 1225 3798 et
1246 3733 1380 3798 auctori-

195 3895 198 3902 .
226 3835 325 3900 tatem
357 3836 430 3902 ecel.
465 3835 677 3901 detractantes
709 3855 783 3919 prae
816 3835 913 3901 oculis
947 3836 1060 3902 habere
1094 3837 1177 3902 haud
1206 3839 1378 3920 consuetus,

227 3937 311 4004 istud
329 4025 330 4028 Ἴ
345 3939 539 4006 sacerdotum
572 3959 670 4026 genus
703 3939 784 4006 omni
819 3941 997 4024 contemptu
1031 3943 1063 4006 et
1092 3941 1305 4026 indignatione
1327 3962 1378 4009 re-

227 4042 379 4126 pudiaret.

245 4148 392 4230 Quaestio
416 4149 460 4214 X.
505 4149 613 4232 Neque
637 4165 709 4213 casu
732 4149 764 4213 at
785 4147 914 4213 fortuito
937 4168 1036 4233 neque
1051 4149 1209 4215 hominum
1227 4151 1380 4217 arbitratu

142 4251 195 4317 sed
218 4252 402 4318 necessitate
424 4253 556 4337 quadam
579 4254 697 4320 factum
720 4271 785 4318 esse
809 4253 968 4332 existimo,
997 4255 1033 4319 nt
1057 4255 1160 4320 nostra
1186 4253 1381 4337 potissimum

141 4362 245 4427 aetate
268 4380 363 4426 novae
379 4360 513 4427 virorum
536 4364 568 4427 et
589 4359 756 4426 mulierum
772 4357 1033 4444 Congregationes
1049 4359 1239 4442 simplicibus
1259 4361 1381 4425 tantum

141 4465 221 4532 votis
244 4464 464 4532 obstrictorum
479 4463 656 4550 prodierint.
691 4463 839 4530 Veterum
855 4463 997 4528 ordinum
1011 4465 1097 4549 leges
1111 4462 1383 4546 institutionesque

141 4572 312 4638 strictiores
334 4571 437 4636 minus
464 4572 554 4656 aptae
583 4570 615 4634 et
638 4567 854 4634 accomodatas
886 4585 952 4635 esse
975 4566 1157 4634 videbantur
1179 4567 1219 4631 ad
1241 4569 1293 4654 pia
1315 4587 1385 4634 mu-

140 4698 229 4758 nera,
264 4693 342 4759 quae
376 4693 471 4759 00000
506 4673 770 4757 Oongregationes
803 4672 951 4758 explenda
983 4669 1193 4768 susceperunt.
1246 4672 1296 4740 Ad
1328 4674 1389 4738 hoc
