3192 5008
275 289 373 344 Relatio
391 303 432 355 ep.
451 289 620 357 Rottenburg.
639 291 671 346 ad
690 289 854 358 quaestiones
872 304 886 343 1
905 304 926 344 s.
947 293 1038 354 Genus.
1058 291 1135 344 conc.
1155 303 1259 355 propes.
1331 267 1394 338 309

156 459 332 544 Episcopali
376 480 502 528 munere
535 463 664 548 fungor,
698 480 777 530 enus
818 462 981 528 dumtaxat
1019 459 1159 526 sacerdos
1190 479 1208 526 a
1241 460 1395 526 sententia

153 563 276 648 poenali
299 583 317 629 a
339 582 388 630 me
422 566 488 630 lata
520 566 703 650 appellavit,
726 567 834 648 ceteri,
869 565 1009 650 quamvis
1041 565 1155 630 severis
1184 565 1290 648 poenis
1312 585 1337 631 c.
1361 584 1393 650 g.

154 667 380 733 involuntariae
403 669 627 750 translationis,
650 671 840 755 privationis,
864 669 1062 754 depositionis
1079 668 1205 734 multati
1219 668 1395 753 Episcopali

151 770 268 856 judicio
291 791 387 856 aeque
410 774 512 839 animo
538 775 782 859 acquiescebant.
827 774 874 840 De
908 773 1008 840 causis
1041 772 1176 839 matrim.
1206 773 1283 838 haec
1317 772 1394 838 mibi

153 876 226 941 sunt
249 876 439 960 exponenda:
463 879 501 942 le
523 879 618 946 dioec.
631 879 777 946 Rettenb.
790 878 916 964 parochi
929 878 967 942 ab
980 876 1129 960 Episcopo
1147 879 1220 942 sunt
1241 876 1393 961 deputati,
1448 925 1449 928 ,

153 979 190 1042 ut
211 978 248 1043 de
271 977 443 1045 actionibus
466 982 690 1065 separationem
714 1002 732 1048 a
752 982 842 1048 thoro
858 982 890 1047 et
904 999 1011 1046 mensa
1026 979 1278 1046 concernentibus
1294 980 1394 1064 prima

153 1084 266 1167 gerant
286 1082 413 1169 negotia
435 1083 467 1149 et
488 1083 520 1149 id
543 1086 667 1169 quidem
690 1087 771 1152 hunc
793 1086 826 1150 in
839 1084 982 1150 modum:
1008 1082 1133 1168 Oenjux,
1157 1083 1210 1167 qui
1225 1083 1394 1167 separatio·

152 1205 224 1250 nem
249 1186 388 1253 obtinere
411 1186 576 1269 desiderat,
599 1192 672 1256 ante
694 1191 797 1256 omnia
819 1189 886 1254 adit
907 1188 1076 1274 paroehum
1098 1207 1197 1268 suum,
1220 1187 1285 1272 qui,
1308 1188 1394 1253 1111-

153 1308 212 1374 111
234 1289 322 1373 parte
345 1283 454 1357 secata
476 1293 508 1357 et
531 1293 652 1374 audita,
676 1297 760 1361 omni
786 1293 935 1378 pastorali
962 1292 1170 1359 sollicitudine
1196 1292 1393 1375 sollertiaque

154 1393 399 1458 conciliationem
423 1394 542 1461 efficere
565 1397 679 1464 studet.
725 1396 840 1478 Quodsi
855 1397 976 1462 iteratis
992 1396 1151 1462 conatibus
1170 1413 1231 1462 non
1246 1395 1392 1476 succedit,

153 1496 304 1580 parochus
334 1504 498 1582 utramque
526 1503 646 1584 partem
675 1501 712 1567 de
743 1502 967 1567 dissensionum
994 1501 1095 1566 causis
1125 1499 1164 1565 ad
1191 1500 1394 1583 protocollr'rm

153 1601 251 1681 audit,
275 1602 356 1685 qued
378 1603 417 1668 ed
441 1605 598 1671 Decanum
629 1606 826 1672 transmittit.
872 1605 932 1686 Qui
962 1606 994 1671 et
1025 1607 1091 1689 ipse
1120 1606 1160 1670 ab
1182 1604 1331 1688 Episcopo
1354 1603 1393 1668 ad

151 1704 228 1770 talia
250 1706 374 1792 negotia
396 1708 585 1791 procuranda
607 1709 768 1795 delegatus
790 1709 925 1793 primum
947 1709 1073 1793 quidem
1106 1707 1245 1774 irritatos
1272 1707 1391 1774 animes

151 1809 313 1892 pacificare
336 1812 447 1893 tentat,
472 1812 591 1894 deinde,
614 1815 641 1879 11
664 1815 750 1880 labor
764 1815 920 1880 incassum
939 1813 1032 1892 eadit,
1055 1813 1287 1896 inquisitionem
1302 1831 1394 1878 accu-

151 1915 254 1979 ratam
276 1914 430 1996 instituit,
460 1918 558 1983 testes
588 1918 743 1984 examinat
764 1919 927 2002 omniaque
960 1920 1140 2002 praeparat,
1166 1917 1203 1982 ut
1225 1915 1394 2000 protocolla

152 2019 334 2102 caeteraque
366 2019 573 2088 instrumenta
611 2024 727 2107 quauta
758 2023 895 2089 maxima
931 2021 1113 2106 integritate
1146 2020 1257 2088 Curiae
1290 2021 1392 2105 Episc.

151 2123 278 2205 proponi
299 2123 426 2206 possint.
472 2125 789 2193 Animadvertendum
813 2128 869 2214 est,
893 2129 924 2191 et
946 2125 1079 2208 parocho
1102 2126 1134 2190 et
1156 2125 1271 2190 decano
1285 2144 1394 2190 secun·

152 2227 225 2291 dum
248 2227 341 2312 hujus
362 2230 451 2314 regni
473 2231 574 2315 legem
602 2232 762 2316 antiquam
792 2231 825 2296 in
851 2230 901 2296 his
930 2231 1021 2298 rebus
1048 2229 1243 2295 conficiendis
1271 2229 1393 2295 civilem

151 2349 218 2397 esse
241 2333 423 2417 adjunctum
444 2335 675 2419 magistratum.
719 2335 910 2420 Episcopalis
935 2333 1029 2399 Curia
1051 2333 1173 2416 ipsein
1198 2333 1298 2399 causis
1320 2352 1393 2418 cog·

152 2437 313 2502 noscendis
336 2440 368 2504 et
390 2438 566 2504 decidendis
599 2441 683 2505 nulle
706 2440 796 2506 modo
830 2441 876 2504 111
907 2437 1058 2521 impedita
1084 2438 1115 2502 et
1139 2437 1329 2504 solummodo
1353 2437 1392 2502 ad

149 2541 229 2623 juris
251 2543 389 2608 canonici
410 2539 1213 2628 1111111111111111111111111111111111.-1111111
1229 2543 1334 2606 autem
1353 2541 1391 2608 de

151 2645 342 2712 matrimonii
376 2647 521 2713 nullitate
555 2649 678 2734 agitur,
712 2647 960 2732 praeparatoriae
991 2644 1114 2729 quidem
1148 2645 1392 2712 tractationesa

151 2749 283 2834 parocho
305 2753 338 2816 et
358 2750 473 2817 decano
496 2753 592 2818 rurali
613 2753 839 2836 suscipiuntur,
867 2749 1027 2836 judicialis
1052 2750 1157 2815 autem
1188 2749 1287 2816 11111
1311 2750 1392 2816 11111

151 2853 185 2917 11
208 2853 279 2920 1111
308 2854 410 2939 Epise.
439 2875 458 2921 a
479 2855 597 2934 duobus
619 2856 772 2922 canonicis
801 2875 863 2921 una
886 2874 954 2920 cunr
979 2853 1110 2940 Syndico
1133 2854 1233 2938 Episc.
1256 2855 1338 2920 hunc
1359 2855 1392 2920 11

151 2958 245 3022 finem
268 2958 307 3022 ab
330 2958 480 3044 Episcopo
510 2961 666 3045 deputatis
690 2961 729 3026 ad
751 2961 830 3044 juris
853 2979 919 3026 can.
941 2959 1086 3024 tramites
1109 2978 1212 3023 eoram
1236 2959 1392 3025 detersero

151 3060 343 3140 matrimonii
356 3063 525 3129 constitute
543 3067 574 3130 et
588 3065 693 3148 jurato
704 3063 873 3148 peragitur.
901 3062 1028 3128 Summe
1041 3063 1236 3128 obseruantia
1252 3082 1271 3127 a
1286 3063 1392 3129 defeu-

152 3182 219 3230 sore
233 3165 424 3232 matrimonii
439 3168 694 3250 praescriptiones
709 3188 728 3232 a
743 3168 764 3233 f.
783 3188 823 3233 1.
844 3166 959 3232 Bened.
974 3185 1053 3250 papa
1074 3165 1159 3232 XIV.
1182 3166 1215 3230 in
1238 3164 1390 3232 Constit:

155 3269 232 3334 »Dei
254 3269 470 3336 miseratione«
495 3270 570 3338 data
592 3272 723 3356 singulis
747 3272 779 3335 in
804 3271 925 3336 casibus
953 3269 1124 3334 executioni
1153 3269 1390 3335 demandantur.

153 3370 300 3438 (laconici
322 3373 481 3457 deputati,
513 3377 675 3442 commisse
697 3395 822 3440 munere
846 3375 979 3458 explete,
1004 3374 1105 3438 omnia
1126 3375 1196 3439 acta
1218 3374 1392 3457 Episcopali

153 3474 263 3542 Curiae
284 3480 472 3562 proponunt,
496 3479 550 3545 ubi
572 3480 739 3564 Episcopus
762 3479 911 3545 relatione
935 3479 1079 3544 accurate
1101 3479 1202 3556 laeta,
1232 3477 1391 3561 praesente

151 3581 289 3648 matrim.
312 3583 469 3648 defensore
490 3584 553 3649 fert
572 3586 768 3650 sententiam.

257 3687 404 3770 Quaestio
429 3689 524 3754 XVI.
569 3689 612 3753 Et
640 3689 811 3754 catholicae
838 3706 984 3772 personae
1008 3685 1188 3751 acatholicis
1211 3685 1243 3750 et
1265 3684 1392 3750 acatho-

150 3789 229 3855 licae
262 3791 422 3857 catholicis
456 3812 526 3857 mea
559 3792 592 3857 in
625 3793 728 3858 Dieee.
759 3811 904 3876 persaepe
937 3791 1129 3856 famulanter
1161 3789 1299 3856 familiis.
1344 3787 1392 3855 Ob

151 3895 348 3961 commixtam
373 3896 603 3980 populationem
633 3916 681 3962 res
711 3897 760 3962 vir
788 3897 880 3961 aliter
902 3914 934 3961 se
957 3895 1072 3960 babere
1093 3895 1197 3978 petest
1218 3913 1316 3978 neque
1338 3913 1392 3978 pc·

150 3997 234 4064 nitus
257 4001 306 4065 est
326 3999 531 4085 impedienda.
563 3998 707 4067 Ceterum
722 3999 862 4085 parochis
885 4000 961 4066 meis
976 3999 1163 4083 perlibenter
1178 3998 1391 4064 testimonium

101 4105 107 4116 “
150 4103 305 4187 perhibeo,
338 4123 389 4170 eos
413 4105 578 4192 diligenter
600 4105 773 4190 invigilare,
808 4124 846 4170 ne
868 4106 985 4188 majora
1007 4103 1078 4169 inde
1102 4103 1245 4168 eveniant
1267 4102 1391 4180 damna,

100 4292 103 4296 ¹
150 4224 210 4289 quo
243 4207 275 4272 11
309 4209 412 4274 studio
445 4209 484 4274 ab
506 4209 607 4292 Episc.
640 4208 732 4274 Curia
765 4209 872 4292 quavis
906 4207 1064 4274 occasione
1098 4206 1173 4270 data
1207 4205 1390 4272 excitantur.

150 4309 329 4378 Catholicae
362 4313 499 4379 familiae
531 4315 569 4379 ab
603 4313 784 4380 acatholicis
813 4313 939 4378 famulis
976 4312 1089 4379 damna
1122 4309 1172 4375 vix
1195 4311 1263 4393 pati
1285 4309 1392 4374 viden·

149 4417 219 4496 tur,
242 4416 388 4499 queniam
411 4417 546 4484 conditio
568 4417 694 4483 inferior
717 4437 768 4485 eos
791 4417 945 4482 modestes
968 4435 1004 4481 ae
1027 4416 1135 4482 cautos
1156 4413 1268 4497 reddit,
1291 4413 1338 4478 ita
1358 4409 1397 4471 ut

150 4519 188 4584 ad
212 4519 379 4586 domestica
401 4521 546 4588 exercitia
568 4519 713 4605 religiosa
735 4540 768 4586 se
792 4520 948 4603 applicent
972 4521 1018 4600 ct,
1048 4518 1081 4583 id
1111 4517 1192 4600 quod
1218 4518 1302 4586 haud
1325 4527 1399 4580 raro

148 4622 319 4710 contingit,
353 4623 393 4690 ad
426 4624 525 4710 ipsam
559 4623 672 4693 cathol.
707 4622 866 4708 religionis
899 4621 1119 4709 professionem
1163 4621 1402 4692 convertantur·
