3152 5014
319 311 355 365 be
371 310 511 378 antlterlb.
529 313 724 376 praeceptorum
743 307 768 362 ln
786 311 878 363 senatu.
897 310 1009 364 docter.
1026 309 1186 366 reuberto.
1312 288 1368 357 171

122 482 346 568 philosophica
366 483 423 548 aut
444 479 619 567 theologica
639 481 728 568 quasi
749 480 832 548 ritae
858 499 933 546 suae
961 479 1200 574 tabernaculum
1222 482 1374 550 collocant

123 587 156 652 et
187 587 349 653 erroribus
379 585 551 652 infidelium
572 586 605 651 et
626 584 853 652 haereticorum
876 583 1052 652 refellendis
1086 586 1118 652 et
1152 585 1373 672 redarguendis

121 693 218 776 pares
241 693 328 757 sunt.
353 728 392 740 -
417 689 548 756 Perinde
578 689 749 756 curandum
778 691 811 756 et
838 688 1086 774 prospiciendum
1115 689 1178 770 est,
1209 691 1246 756 nt
1274 689 1373 778 major

121 814 250 861 merces
282 815 384 862 annua
416 793 636 879 professoribus
671 795 703 861 in
736 794 916 861 Seminariis
949 793 1154 877 praebeatur,
1188 795 1224 862 nt
1257 795 1372 862 multos

121 897 225 965 libros
262 899 295 964 in
327 899 475 966 doctrinis
507 901 665 966 versantes
697 917 799 966 emere
831 897 949 984 pomint
994 899 1027 964 et
1059 897 1267 966 conditionem
1301 918 1372 966 con·

121 1003 273 1084 timeare,
308 1023 369 1070 non
395 1004 457 1070 alia
482 1003 584 1070 officia
617 1005 650 1070 et
681 1003 831 1070 beneficia
852 1004 957 1088 petere
983 1002 1104 1068 malint.
1161 1004 1243 1070 Nam
1278 1023 1373 1088 quum

119 1107 317 1190 professores
360 1106 393 1173 in
437 1107 615 1174 Seminariis
663 1107 791 1174 minimo
831 1106 944 1172 salario
981 1107 1140 1187 truantur,
1187 1127 1284 1193 neque
1325 1127 1373 1176 se·

7 1213 8 1226 ¹
121 1211 256 1277 nectuti
277 1231 382 1277 eorum
405 1211 578 1278 subsidium
598 1213 742 1296 paratum
764 1211 823 1276 eit:
845 1229 907 1276 non
928 1209 1057 1278 suntad
1080 1211 1239 1278 solvendos
1258 1211 1373 1280 multos

120 1315 241 1394 libros,
272 1317 304 1381 et
324 1317 472 1400 perpetua
493 1317 697 1400 professorum
719 1315 900 1381 vicissitudo
925 1315 959 1382 in
981 1315 1198 1383 ecclesiasticis
1220 1316 1356 1404 institut'

122 1419 333 1500 observatur,
366 1421 412 1486 ita
445 1422 481 1487 ut
513 1421 646 1506 singuli,
679 1421 804 1506 insuper
833 1421 932 1505 operis
954 1420 1122 1486 subsecivis
1144 1440 1163 1486 a
1184 1417 1296 1486 studiis
1318 1420 1372 1485 ab·

6 1527 8 1608 j
123 1525 262 1602 stracti,
296 1525 329 1590 in
360 1525 476 1591 litteris
508 1515 648 1610 paullum
677 1527 732 1592 aut
764 1524 843 1590 nihil
876 1525 1022 1592 officiant.
1066 1525 1179 1608 Itaque
1205 1523 1374 1591 recentiore

6 1651 8 1704 ῖ
123 1629 240 1694 aetate
274 1628 451 1702 doctissima
482 1631 515 1695 et
546 1629 793 1714 praeclarissima
826 1649 939 1714 opera,
973 1649 1051 1714 qnae
1084 1629 1372 1714 protestantismum

6 1731 8 1782 ἵ
122 1731 267 1800 historia
288 1732 416 1817 originis
438 1733 505 1818 ejus
527 1734 711 1800 convincunt
733 1735 765 1800 et
776 1733 939 1800 historiam
953 1733 1151 1802 conciliorum
1167 1735 1260 1818 atque
1275 1733 1374 1800 fontes

121 1837 213 1922 juris
240 1839 378 1904 canonici
400 1840 631 1906 accuratissime
653 1841 686 1906 et
708 1840 901 1906 exactissime
923 1840 1077 1919 hacbnt,
1107 1859 1126 1905 a
1154 1839 1375 1924 professoribus

124 1942 381 2008 Universitatum
406 1945 578 2030 conscripta
599 1946 681 2012 sunt.
706 1983 735 1992 -
768 1944 925 2010 Ecclesiae
946 1963 1131 2031 magnopere
1152 1943 1325 2030 prodesset,
1348 1942 1375 2008 si

125 2047 240 2130 plures
263 2047 416 2114 dioeceses
438 2049 627 2134 conjunctim
648 2049 682 2114 in
703 2047 835 2135 singulis
857 2048 1122 2116 Universitatibus
1145 2047 1375 2116 convictorium

7 2151 8 2208 t
129 2151 311 2238 erigerent,
347 2151 380 2217 in
408 2172 468 2237 quo
497 2154 706 2220 adolescentes
735 2151 853 2238 ingenii
881 2153 1006 2219 dotibus
1033 2152 1235 2232 excellentes,
1268 2153 1305 2218 nt
1336 2151 1376 2218 ad

6 2255 8 2288 ³
128 2257 256 2322 certum
290 2255 414 2342 aliquod
444 2258 607 2324 literarum
635 2276 733 2342 genus
765 2257 1021 2336 instituerentur,
1050 2257 1247 2342 habitarent,
1281 2275 1376 2340 quum

130 2359 268 2426 studiosi
282 2359 458 2446 theologiae
479 2381 540 2429 non
555 2361 645 2427 modo
668 2361 849 2441 Semiuaria,
872 2359 926 2426 sed
949 2361 1045 2428 etiam
1067 2359 1292 2428 Universitates
1313 2360 1376 2426 fre·

11 2654 17 2667 ¹
133 2570 250 2639 candos
273 2568 312 2634 ad
334 2568 461 2634 verbum
483 2569 623 2648 libellos,
654 2589 747 2654 quam
769 2569 809 2634 ad
831 2567 1122 2635 commentationem
1146 2569 1178 2636 et
1198 2567 1377 2634 meditatio·

130 2693 205 2742 nem
237 2673 415 2739 litterarum
443 2673 625 2742 excitentur.
648 2713 691 2723 —
713 2668 893 2739 seminariis
922 2672 955 2738 in
985 2670 1152 2738 Germania
1182 2671 1376 2740 clericalibus

130 2779 174 2846 ad
197 2775 373 2845 formandos
409 2778 424 2842 t
445 2775 652 2844 instituendos
674 2777 858 2862 professores
880 2775 1019 2842 subsidia
1041 2776 1167 2853 desunt;
1198 2776 1230 2842 et
1251 2775 1279 2842 si
1301 2776 1377 2842 edu·

132 2882 198 2950 eati
226 2881 260 2946 in
287 2881 326 2946 iis
353 2881 494 2960 tantum,
527 2881 702 2947 Academiis
724 2882 756 2946 et
781 2879 1044 2946 Universitatibus
1072 2898 1133 2944 non
1159 2879 1374 2965 frequentatis,

132 2987 320 3071 professores
342 2981 590 3064 nominarentur,
621 2982 793 3050 Seminaria
818 2983 975 3050 clericalia
995 2982 1035 3048 ad
1057 2982 1205 3048 instituta
1226 2982 1377 3068 ignobilia

134 3093 168 3156 et
195 3089 324 3154 obseura
353 3090 385 3154 et
412 3087 451 3154 ab
479 3089 621 3155 omnibus
650 3089 796 3173 despecta
823 3087 1006 3154 reciderent.
1032 3123 1071 3135 -
1104 3087 1218 3154 Omnes
1240 3087 1273 3152 in
1295 3086 1376 3154 Aca-

134 3193 247 3261 demiis
276 3191 323 3259 Ss.
345 3193 519 3279 theologiae
549 3193 681 3259 studiosi
710 3195 743 3260 et
771 3183 1013 3258 Seminariorum
1044 3190 1162 3256 alumni
1191 3210 1245 3276 per
1274 3191 1376 3275 plnres

135 3316 231 3366 annos
254 3296 375 3382 exegesi
397 3299 523 3362 sanctae
545 3297 716 3381 scripturae
738 3298 868 3376 vacent,
890 3297 927 3361 nt
949 3295 1037 3361 libris
1058 3296 1126 3362 tam
1147 3295 1260 3361 veteris
1283 3313 1377 3378 qnam

135 3404 208 3470 novi
230 3399 410 3467 testamenti
435 3399 513 3466 bene
536 3399 568 3464 et
601 3401 746 3466 accurate
769 3399 983 3484 interpretatis
1005 3399 1037 3464 et
1054 3397 1227 3484 explanatis
1249 3397 1381 3466 verbum

137 3505 276 3572 divinum
299 3503 411 3570 animis
432 3503 496 3569 suis
518 3503 734 3588 mentibusque
758 3503 923 3582 mandent,
957 3501 1085 3588 ejusque
1118 3520 1221 3568 amora
1251 3501 1377 3568 exaltati

138 3610 233 3678 etiarn
248 3610 317 3694 post
340 3607 460 3674 ordines
483 3609 641 3692 susceptos
663 3607 801 3692 quotidie
824 3607 858 3672 in
881 3607 989 3672 sancta
1011 3605 1164 3690 scriptura
1188 3624 1310 3672 summa
1328 3605 1377 3672 in·

138 3713 259 3780 dustria
279 3713 449 3780 versentur.
492 3712 537 3779 Ut
558 3711 591 3778 in
611 3731 787 3800 exegeram,
817 3713 863 3778 ita
890 3713 923 3777 in
950 3710 1113 3778 historiam
1135 3710 1377 3776 ecclesiasticam

138 3835 243 3884 omnes
265 3816 311 3882 Ss.
334 3816 509 3903 theologiae
539 3817 670 3884 studiosi
692 3818 932 3885 Academiarum
963 3816 1045 3882 cives
1076 3817 1108 3881 et
1137 3813 1378 3882 Seminariorum

138 3920 257 3988 alumni
285 3920 459 3988 enixissime
485 3921 680 4002 incumbant,
714 3924 751 3987 ut
783 3923 816 3988 in
849 3919 980 3986 historia
1013 3919 1194 4012 dogmatum
1227 3939 1284 3986 nec
1317 3941 1378 3987 non

140 4025 339 4091 conciliorum
362 4027 394 4092 et
416 4025 654 4092 orthodoxorum
675 4027 805 4093 Petrum
828 4025 963 4110 perfecte
985 4025 1137 4111 planeque
1166 4025 1280 4091 eruditi
1312 4027 1327 4090 t
1362 4059 1377 4074 ·

138 4130 286 4210 ditiones,
315 4149 395 4214 quae
425 4131 463 4196 ab
492 4130 567 4216 ipsis
596 4131 745 4216 apostolis
772 4129 861 4216 qnasi
888 4149 942 4214 per
964 4149 1073 4198 manns
1095 4129 1231 4196 traditae
1260 4129 1300 4196 ad
1321 4147 1377 4196 nos

138 4253 235 4319 usque
261 4235 481 4318 pervenerunt,
503 4235 582 4301 bene
604 4237 774 4320 agnoscant
796 4237 828 4301 et
851 4235 957 4300 eontra
978 4233 1150 4302 haereticos
1171 4233 1204 4300 in
1225 4231 1377 4298 concioni·

138 4340 196 4404 bns
218 4337 383 4404 defendant
406 4339 438 4404 et
460 4339 635 4426 protegant.
661 4375 702 4416 r·
724 4339 795 4406 Non
817 4335 940 4422 expedit
961 4337 1118 4417 constitui,
1142 4338 1177 4402 nt
1195 4336 1376 4435 disciplinae

9 4479 11 4508 t
138 4441 366 4528 philosophicae
388 4442 421 4507 et
436 4441 629 4526 theologicae
643 4443 676 4508 in
690 4442 799 4528 lingna
809 4442 1093 4508 latinatradantur.
1136 4442 1219 4507 Nam
1238 4441 1269 4525 l)
1281 4455 1377 4524 quum

139 4545 314 4613 sacerdotes
346 4546 380 4612 in
409 4545 518 4631 lingua
535 4547 715 4614 uernacula
747 4547 890 4613 fidelibus
924 4545 1108 4614 catholicam
1141 4543 1376 4612 instructionem

139 4649 309 4735 praebeant
338 4651 371 4714 et
391 4650 518 4716 verbum
544 4650 600 4716 Dei
621 4651 813 4736 praedicent,
844 4648 997 4734 optimum
1024 4651 1086 4730 est,
1120 4667 1171 4716 eos
1203 4648 1237 4714 in
1267 4648 1377 4734 lingua
