3152 5014
265 323 301 376 ru
319 321 346 375 r.
366 324 391 376 r.
410 324 448 376 rx.
467 323 512 378 nn.
532 325 614 388 apocr.
634 323 657 377 ι.
674 324 711 376 rr.
729 323 787 388 ror.
802 321 869 376 isos
883 324 914 376 re
927 324 1022 388 rnourg.
1037 327 1104 388 orec.
1122 327 1295 380 conterenda.
1342 307 1403 376 149

159 492 341 578 Apostolica
363 490 456 572 Sede,
478 493 533 562 vel
550 493 652 579 aliquo
675 494 835 572 Praelata,
858 511 912 559 seu
934 493 1046 560 Judice
1069 496 1277 564 ecclesiastico
1299 501 1402 566 ποικι-

159 599 261 665 cotim
283 596 553 676 excommunicati,
576 597 729 681 suspensi,
752 595 921 676 interdicti,
944 616 999 662 seu
1021 598 1099 664 alias
1120 599 1153 664 in
1176 601 1346 668 sententias
1370 605 1403 670 et

160 719 306 768 censuras
328 693 472 768 incidisie
495 700 644 766 declarati
666 701 716 766 val
738 701 859 785 publice
882 700 1060 768 denunciati
1080 703 1210 783 fuemnt,
1240 705 1300 770 nisi
1319 706 1403 774 intra

159 809 283 890 tempus
312 805 513 889 praefinitum
542 805 750 872 satisfecerint
780 806 835 870 aut
864 824 935 870 curn
967 806 1109 890 partibus
1142 809 1402 892 concordaverint,

160 909 336 977 nullomodo
370 911 535 994 suffragari
564 928 652 994 posse
686 911 742 976 aut
778 909 897 977 debere.
942 911 1029 992 Quod
1053 914 1079 977 si
1101 912 1183 979 intra
1204 915 1402 998 praefinitum

158 1015 328 1082 terminum
347 1014 465 1099 jndicio
486 1014 663 1080 confessarii
685 1014 862 1080 satisfacere
884 1033 944 1080 non
966 1016 1140 1099 potuerint,
1175 1019 1292 1085 absolvi
1314 1038 1401 1104 posse

159 1119 356 1186 concedimus
385 1119 418 1183 in
447 1119 512 1184 foro
543 1118 745 1186 conscientiae
775 1119 815 1183 ad
848 1105 991 1184 effectum
1024 1119 1187 1187 dumtaxat
1220 1123 1402 1206 assequendi

158 1224 375 1308 Indulgentiae
398 1222 552 1302 aniluei,
583 1223 724 1307 injuncta
757 1222 945 1308 obbgatione
977 1225 1188 1292 satisfaciendi
1223 1226 1331 1292 statim
1366 1245 1402 1292 ac

159 1328 316 1414 poterunt.
970 1337 977 1357 ⁹

264 1431 457 1516 Quapropter
480 1430 513 1494 in
541 1430 658 1496 virtute
689 1432 814 1497 sanctae
845 1431 1038 1498 obedientiae
1067 1434 1173 1500 tenore
1193 1434 1401 1517 praesentium

159 1537 303 1604 districte
335 1534 539 1620 praecipimus
573 1536 666 1619 atque
699 1533 882 1600 mandamus
915 1536 1057 1602 omnibns
1091 1537 1122 1602 et
1156 1537 1400 1623 quibuscumque

158 1641 332 1710 Ordinariis
363 1641 500 1706 locorum
532 1639 718 1722 ubicumque
751 1638 971 1718 existentibus,
1006 1659 1170 1725 eorumque
1203 1642 1336 1708 Vicariis
1370 1645 1401 1710 et

91 1775 97 1798 ι
158 1747 363 1824 officialibus,
386 1745 449 1823 vel,
471 1744 546 1827 ipsis
569 1743 789 1824 dedicantibus,
811 1744 893 1823 illis,
916 1745 969 1828 qni
993 1764 1098 1812 curam
1121 1747 1293 1813 ammarum
1317 1767 1402 1814 exer·

158 1854 241 1930 cent,
263 1852 309 1930 ut,
332 1869 401 1916 cum
424 1849 632 1933 praesentium
642 1848 833 1914 Litterarum
851 1850 1047 1934 transumpta
1069 1852 1124 1917 aut
1145 1852 1284 1936 exempla
1306 1852 1401 1920 etiam

157 1957 309 2041 impressa
331 1954 522 2038 acceperint,
549 1953 622 2032 illa,
652 1952 706 2017 ubi
736 1953 870 2035 primum
904 1974 959 2037 pro
991 1956 1166 2039 temporum
1199 1975 1235 2022 ao
1264 1957 1423 2022 locorum«

157 2061 280 2128 ratione
302 2059 401 2126 satius
423 2059 455 2124 in
478 2057 611 2123 Domino
634 2057 820 2137 censuerint,
843 2077 897 2140 per
919 2077 990 2124 suas
1012 2059 1157 2125 ecclesias
1179 2079 1216 2126 ao
1238 2053 1401 2140 dioeceses,

157 2164 348 2250 prouincias,
376 2162 537 2242 civitates,
568 2161 695 2246 oppida,
727 2163 827 2226 terras
858 2164 891 2227 et
912 2161 979 2228 loca
1000 2163 1158 2246 publicent
1179 2165 1228 2230 vel
1250 2165 1415 2248 publicari-

155 2265 286 2349 faciant,
311 2268 492 2354 populisque
515 2267 610 2334 etiam
633 2266 720 2334 verbi
741 2267 802 2332 Dei
823 2267 1061 2350 praedicatione,
1084 2268 1184 2353 quoad
1206 2269 1273 2335 lieri
1294 2269 1401 2353 possit,

158 2377 220 2442 rite
253 2373 461 2459 praeparatis,
496 2372 657 2440 ecclesiam
690 2390 745 2436 son
778 2371 923 2438 ecclesias
956 2371 1127 2438 visitandas
1159 2391 1213 2456 pro
1246 2373 1401 2456 praesenti

158 2477 496 2562 Jubilaeodesignent.
708 2510 711 2518 =

263 2584 333 2649 Non
356 2580 549 2648 obstantibus
573 2579 853 2646 Constitutionibus
877 2580 908 2646 et
931 2578 1183 2646 Ordin'ationibus
1201 2579 1398 2664 Apostoliois‚
1449 2637 1453 2646 .

158 2688 340 2774 praesertim
362 2686 476 2770 quibus
497 2685 629 2750 facultas
653 2683 830 2779 absolvendi
853 2683 885 2748 in
908 2684 1000 2748 certis
1021 2685 1096 2750 tunc
1111 2684 1261 2768 expressis
1277 2685 1399 2752 casibus

159 2795 205 2860 ita
226 2795 365 2860 Romano
387 2790 532 2858 Pontifici
553 2809 607 2874 pro
630 2791 767 2874 tempore
789 2789 933 2856 existenti
955 2790 1139 2869 reservatur,
1166 2792 1203 2856 ut
1224 2809 1281 2856 nec
1303 2791 1398 2857 etiam

159 2899 276 2974 similes
302 2897 351 2964 vel
379 2895 545 2962 dissimiles
570 2894 834 2980 indulgentiarum
865 2895 897 2960 et
919 2894 1105 2960 facultatum
1127 2894 1304 2980 hujusmodi
1327 2913 1398 2962 con·

161 3003 328 3080 cessiones,
362 3001 423 3066 nisi
451 2999 488 3066 de
518 3000 582 3066 illis
605 3019 754 3084 expressa·
767 2999 885 3064 mentio
908 3000 964 3065 aut
985 2999 1126 3082 specialis
1149 2999 1309 3084 derogatio
1331 2999 1398 3079 fiat,

160 3108 303 3193 cuiqnam
326 3105 491 3189 suffragari
513 3097 648 3188 possint,
681 3123 737 3171 nec
767 3123 828 3169 non
849 3103 958 3188 regula
981 3103 1018 3168 de
1040 3122 1101 3168 non
1122 3103 1324 3170 concedendis
1346 3105 1399 3169 In·

160 3211 330 3297 dulgentiis
353 3211 392 3276 ad
415 3210 524 3288 instar,
547 3229 584 3274 ac
604 3225 865 3292 quorumcumque
888 3207 1039 3274 Ordinunr
1061 3209 1094 3273 et
1116 3206 1398 3293 congregationum

160 3317 225 3384 sive
254 3315 490 3393 institutorum,
522 3313 616 3380 ctiam
642 3313 835 3397 juramento,
866 3312 1097 3378 confirmatione
1124 3310 1319 3395 Apostolica,
1350 3311 1399 3377 vel

161 3420 270 3504 quasis
291 3418 440 3486 firmitate
463 3418 525 3485 alia
546 3417 707 3497 roboratis,
724 3417 852 3482 statutis
874 3417 907 3482 et
927 3415 1205 3496 consuetudinibus,
1228 3413 1400 3500 privilegiis

159 3544 281 3610 quoque
302 3524 449 3604 indultis,
483 3523 515 3588 et
542 3521 670 3588 Litteris
692 3521 879 3605 Apostoliois
910 3521 1025 3588 eisdem
1054 3519 1235 3599 Ordinibus,
1264 3518 1400 3605 Congre-

161 3628 338 3716 gationibus
364 3629 396 3694 et
422 3626 597 3708 institutis,
620 3626 805 3711 illorumque
827 3627 964 3710 personis
986 3625 1215 3711 quomodolibet
1237 3625 1399 3704 concessis,

161 3733 338 3819 approbatis
361 3733 393 3799 et
414 3732 585 3813 innovatis,
606 3732 727 3816 ,quibus
750 3731 891 3797 omnibus
913 3733 946 3798 et
968 3730 1100 3815 singulis
1122 3729 1253 3796 etiarnsi¹
1266 3729 1304 3796 ds
1326 3728 1400 3808 illis,

161 3857 328 3922 eorumque
348 3836 425 3904 totis
447 3836 621 3914 tenoribus,
643 3834 804 3918 specialis,
827 3834 986 3918 specifica,
1016 3851 1158 3917 expressa
1179 3834 1211 3899 et
1231 3831 1400 3912 indiuidua,

161 3963 223 4010 non
246 3943 350 4009 autem
371 3961 426 4026 per
448 3940 603 4006 clausulas
618 3939 778 4024 generales
792 3939 876 4004 idem
891 3939 1105 4022 importantes,
1128 3937 1245 4004 mentio
1261 3954 1316 4003 sen
1338 3935 1401 4002 alia

160 4046 288 4134 quaeris
311 4045 462 4130 expressio
484 4043 642 4123 habenda,
673 4044 728 4108 aut
755 4043 818 4109 alia
847 4043 952 4127 aliqua
979 4041 1133 4126 exquisita
1157 4042 1257 4108 forma
1277 4039 1318 4106 ad
1341 4040 1399 4106 boc

162 4151 312 4220 servanda
333 4151 424 4231 foret,
446 4149 572 4215 illorum
593 4149 714 4214 tenores
736 4146 949 4231 praesentibus
970 4165 1024 4229 pro
1040 4145 1229 4212 sufficienter
1241 4143 1400 4228 expressis,
1420 4207 1428 4224 ,,

162 4277 200 4324 ae
221 4258 351 4323 formam
372 4253 459 4322 iniis
481 4251 631 4318 traditam
653 4269 707 4335 pro
730 4250 852 4317 serrata
875 4248 1034 4327 babentes,
1057 4249 1116 4314 hac
1137 4247 1204 4313 vioe
1215 4243 1401 4331 specialiter,

161 4360 354 4441 nominatim,
378 4361 411 4425 et
432 4375 583 4442 expresse,
606 4355 645 4422 ad
666 4354 810 4421 effectum
832 4352 1080 4438 praemissorum,
1103 4351 1297 4435 derogamus,
1320 4347 1403 4412 ceta·

161 4467 266 4551 risque
288 4463 450 4531 canteriis
471 4461 725 4546 quibuscumque.
744 4451 747 4459 ’

266 4565 478 4651 Praecipimns
501 4566 617 4644 autern,
643 4583 662 4644 a
684 4561 922 4630 commemorato
942 4561 993 4627 die
1014 4560 1112 4645 primo
1135 4557 1222 4626 Junii
1244 4575 1340 4640 usque
1362 4557 1402 4624 ad

163 4673 256 4755 diem,
280 4689 339 4757 quo
362 4669 566 4738 Oecumenica
588 4667 726 4755 Synodus
748 4667 842 4734 finem
864 4665 1019 4746 babuerit,
1042 4665 1080 4731 ab
1105 4662 1245 4730 omnibus
1268 4660 1403 4730 universi
