3160 5010
193 247 256 316 tis
317 263 440 338 rerrop,
459 266 549 332 arten,
568 261 697 318 sennaar
716 261 767 318 ono
787 263 916 319 wmsene
935 276 993 320 zoa
1012 263 1127 319 omnm.
1146 263 1238 319 cancri.
1257 259 1328 327 (ιιι.)

300 443 321 495 i.
358 440 497 496 iiistrihuto
516 440 652 492 schemate
672 438 777 490 concilii
797 439 928 502 Patribus,
956 438 1105 492 cardinales
1133 439 1267 492 Praesides
1287 441 1453 506 congrega·

194 531 292 585 tionum
310 527 472 582 ceneratinm
491 535 635 592 congruum
654 529 755 588 tempos
774 523 918 588 praeligent
937 524 1004 577 intra
1023 525 1091 591 qnod
1107 527 1193 580 Patres
1212 526 1268 590 ipsi,
1288 529 1331 592 qni
1352 527 1452 592 aliqua

194 620 220 672 ia
239 615 376 672 schemate
394 611 624 668 animadvertenda
643 613 797 678 cerasuerint,
817 625 847 664 ea
866 613 961 675 scripio
981 611 1083 665 tradere
1108 613 1228 666 debeant.

297 708 321 756 2.
358 699 598 754 animadversiones
625 699 673 751 hoc
699 699 788 752 ordine
807 699 954 752 exorandae
980 704 1067 752 erunt:
1093 705 1121 752 ut
1147 701 1258 765 primurn
1277 701 1321 756 illa
1341 703 1450 767 scripio

194 792 360 852 adnotentur,
380 798 444 853 onae
463 787 572 839 schema
591 787 734 849 generatim
762 785 900 850 respiciunt
919 785 973 837 sire
993 785 1120 848 integrum
1140 787 1195 839 sire
1214 787 1338 853 diuisum,
1362 797 1448 852 prout

194 889 210 930 a
229 874 390 930 Praesidlbos
406 872 546 938 judicatum
565 870 657 936 inerit;
682 872 773 924 deinde
796 871 838 924 illa
857 884 922 936 puae
941 872 973 924 ad
991 872 1106 936 singulas
1125 874 1267 978 schematis
1287 878 1378 938 partes
1400 889 1448 928 re·

194 964 322 1026 remoror,
340 959 507 1015 schematis
500 960 580 1024 ipsius
599 959 688 1012 ordine
707 961 817 1013 serrato

298 1052 323 1104 ι.
360 1049 404 1112 oni
424 1059 456 1101 ex
475 1045 592 1100 Patribus
610 1046 848 1100 animadversiones
868 1045 934 1098 ιιι
927 1059 953 1098 ιιι
972 1044 1052 1098 verba
1072 1046 1136 1099 tel
1131 1059 1156 1098 m
1176 1047 1355 1112 paragraphos
1381 1061 1446 1112 pro-

195 1135 271 1201 positi
286 1135 427 1188 schematis
446 1131 593 1186 afferendas
612 1131 772 1195 nutaverint,
796 1143 889 1183 noram
916 1133 1053 1186 verborum
1079 1134 1118 1184 vei
1138 1134 1359 1196 paragraphorum
1384 1137 1445 1187 ior-

195 1224 290 1278 mniam
308 1221 485 1288 subjicientia
503 1219 587 1272 locum
606 1217 697 1282 prioris
716 1217 742 1269 in
761 1218 899 1270 schemate
918 1219 1129 1272 substituendam.

299 1311 323 1362 t
360 1305 600 1361 anirnadversiones
628 1318 642 1356 a
672 1305 787 1356 Patribus
816 1304 921 1356 concilii
947 1304 995 1356 hac
1021 1305 1123 1358 ratione
1144 1309 1267 1359 exaratae
1287 1311 1311 1360 et
1332 1310 1443 1373 propria

195 1397 382 1462 subscriptione
400 1394 513 1446 munitae
532 1391 679 1444 secretario
698 1389 799 1443 concilii
819 1391 967 1452 tradentur,
992 1391 1098 1458 eiusque
1124 1405 1202 1456 opera
1228 1393 1259 1485 ιι
1279 1397 1445 1458 respecriras

195 1483 379 1548 cpiscoporum
399 1478 581 1543 separationes
600 1477 814 1530 transmittentur

299 1568 323 1619 5.
360 1566 497 1630 Postquam
525 1563 670 1628 huiusmodi
698 1562 936 1615 animadversiones
965 1575 1095 1626 expensae
1128 1563 1223 1617 inerint
1250 1566 1274 1616 in
1302 1566 1446 1620 conventu

196 1657 251 1721 ejus
271 1653 456 1718 lieputaiionis,
476 1653 506 1704 ad
527 1663 604 1718 quam
620 1651 757 1714 pertinent,
775 1649 882 1713 singulis
900 1649 1019 1702 Patribus
1041 1650 1208 1704 distribuetur
1226 1654 1335 1706 schema
1356 1654 1445 1708 reior-

196 1745 294 1797 maium
321 1753 372 1794 una
399 1753 456 1793 cum
484 1738 625 1793 summaria
646 1739 788 1802 relatione,
814 1737 838 1788 in
865 1750 914 1802 qua
942 1737 973 1790 de
1004 1737 1142 1802 propositis
1170 1740 1446 1794 animadversionibus

134 1822 139 1828 ’
196 1829 291 1884 mentio
309 1829 361 1882 ilat.
607 1875 611 1884 .

300 1917 325 1967 o.
362 1915 499 1967 Schemate
521 1925 571 1966 una
591 1923 648 1965 cnm
674 1913 820 1976 supradicta
839 1911 963 1965 relatione
982 1912 1097 1966 Patribus
1118 1897 1219 1966 corroiiii
1240 1915 1444 1979 communicato,

198 2003 346 2058 cardinales
373 2001 509 2054 Praesides
535 1999 602 2052 diem
636 2002 748 2052 statuent
776 1999 991 2064 congregationis
1019 1999 1151 2052 Generalis
1184 2001 1209 2052 in
1237 2013 1287 2065 qua
1314 2003 1443 2055 discussio

197 2089 369 2144 inchoabitur.

303 2177 326 2229 7.
363 2174 491 2230 ltiscusslo
510 2173 554 2227 flet
572 2173 682 2240 primunr
701 2173 843 2237 generatim
863 2173 894 2226 de
914 2175 1051 2226 schemate
1075 2174 1177 2238 integro
1204 2177 1243 2228 rel
1262 2175 1342 2230 diuiso
1362 2180 1442 2240 proni
1506 2195 1509 2203 ·

199 2263 376 2319 cardinalibus
402 2261 563 2317 Praesidibns
586 2260 669 2313 risum
695 2260 778 2322 inerit,
802 2273 883 2325 eoque
903 2260 1034 2324 absoluta,
1059 2261 1090 2313 de
1117 2275 1270 2328 unaquaque
1290 2263 1443 2328 singillatim

198 2351 339 2404 schematis
357 2349 436 2414 ipsius
455 2351 527 2413 parte
545 2348 742 2412 disceptabitnr3
762 2349 894 2411 proposita
913 2359 1017 2411 semper
1035 2348 1060 2399 ιιι
1079 2349 1129 2400 iras
1147 2349 1308 2420 singularum
1328 2351 1442 2413 partium

199 2438 357 2491 discussione
376 2437 409 2488 ab
428 2435 575 2488 oratoribus
595 2435 707 2486 lorinuia
726 2435 831 2497 expensi
851 2434 996 2487 schematis
1015 2435 1121 2498 periodo
1141 2437 1182 2488 uel
1196 2437 1358 2500 paragrapho
1378 2439 1442 2492 suh·

199 2527 336 2590 attinentia,
356 2539 385 2578 ac
404 2525 565 2579 Praesidihns
584 2515 648 2588 post
660 2523 774 2576 habitum
794 2533 941 2592 sermonem
963 2524 1058 2588 scripto
1078 2523 1231 2576 exhibenda.

302 2613 326 2666 8.
363 2614 407 2677 itui
426 2613 457 2686 de
475 2608 620 2666 reformato
638 2611 774 2664 schemate
793 2611 862 2676 loqui
881 2610 1017 2676 voluerint,
1034 2612 1093 2663 dum
1118 2624 1193 2664 suum
1217 2610 1366 2686 disserendi
1380 2624 1441 2674 pro-

198 2701 309 2766 positum
328 2697 492 2752 Praesidihns
517 2698 711 2762 signidcandnm
735 2698 875 2764 curabunt,
900 2698 1007 2770 innuere
1032 2699 1128 2761 pariter
1154 2697 1284 2758 debebunt
1303 2702 1389 2750 utrum
1410 2701 1442 2751 de

136 2845 139 2852 ,
199 2794 251 2840 toto
269 2787 407 2839 schemate
420 2784 450 2852 ,in
470 2789 576 2848 genere,
595 2785 636 2836 uei
655 2785 686 2836 de
706 2784 761 2848 ejus
781 2783 895 2847 partibus
921 2784 1047 2848 inspecte
1067 2785 1147 2836 acturi
1171 2783 1238 2850 sint3
1264 2786 1289 2835 et
1314 2787 1443 2848 quatenos

146 2867 149 2872 “
198 2875 223 2927 in
241 2873 334 2936 specie,
353 2873 385 2926 de
403 2883 453 2936 qua
471 2871 609 2923 schematis
629 2875 701 2935 parte
720 2871 766 2924 sibi
785 2870 914 2934 agendum
934 2884 991 2924 esse
1011 2871 1153 2924 statuerint.

303 2977 327 3028 o.
364 2974 551 3028 Liberum‘erit
570 2973 659 3038 cuique
678 2988 710 3028 ex
730 2975 891 3039 respectivae
909 2974 1083 3038 heputationis
1101 2975 1249 3051 episcopis,
1265 2975 1404 3040 impetrata
1427 2991 1441 3027 a

200 3063 361 3117 Praesidibus
384 3062 472 3124 uenia,
497 3063 630 3114 oratorum
657 3059 853 3112 diitlonltatibus
879 3063 904 3112 et
922 3061 1188 3116 animadversionibus
1211 3063 1384 3126 respondere:
1404 3063 1439 3116 ita

199 3155 286 3204 tamen
305 3153 333 3204 ut
350 3149 459 3202 incultas
477 3147 539 3211 ipsis
557 3148 590 3200 sit
609 3145 648 3198 vel
667 3146 752 3198 statim
771 3151 830 3210 post
848 3147 957 3200 oratoris
976 3159 1122 3231 sermonem
1149 3149 1248 3214 eloqui,
1268 3149 1308 3201 rei
1326 3149 1441 3212 pluribus

199 3236 302 3290 insimul
323 3233 467 3289 oratoribus
492 3233 582 3286 eadem
606 3244 685 3296 snper
709 3244 737 3284 re
753 3231 957 3296 'disceptantibus
981 3247 1110 3299 reponere
1135 3237 1211 3304 idque
1230 3237 1270 3288 vel
1289 3239 1379 3290 eodeni
1402 3241 1442 3290 uel

200 3322 250 3376 alio
267 3321 308 3374 die
327 3319 462 3384 perhcere

223 3433 229 3442 ν
307 3409 345 3460 io.
382 3406 518 3460 cratomrn
536 3417 670 3458 sermones
690 3406 756 3459 introi
775 3405 839 3460 fines
864 3409 989 3470 propositi
1016 3411 1161 3473 argumenti
1188 3411 1379 3464 conhibeaniur.
1418 3415 1442 3466 si

200 3471 277 3559 onem
299 3505 363 3546 vero
387 3491 501 3546 Patrum
515 3497 589 3545 entra
615 3499 695 3546 metas
719 3493 807 3558 vagari
833 3495 977 3558 contingat,
999 3495 1148 3548 Praesidum
1167 3495 1216 3548 erit
1234 3498 1266 3549 ad
1283 3500 1440 3562 propositam

201 3571 378 3648 quaestionem
395 3579 478 3644 ipsum
496 3588 628 3632 revocare.

304 3665 345 3718 il.
382 3665 408 3720 sl
435 3665 621 3718 discussionurn
649 3665 743 3728 series,
771 3677 799 3718 re
827 3669 957 3730 proposita
974 3669 1026 3734 iam
1046 3669 1109 3720 suris
1128 3681 1250 3735 excussa,
1280 3671 1338 3734 plns
1357 3682 1440 3737 aeouo

199 3753 376 3817 protrahatur,
395 3752 545 3805 cardinales
564 3751 706 3816 Praesides,
726 3753 897 3817 postulatione
916 3755 1010 3818 scripto
1029 3755 1143 3808 exhibita
1162 3768 1176 3808 a
1195 3757 1285 3809 decem
1306 3758 1439 3811 minimum

198 3837 315 3892 Patribus
333 3830 566 3903 congregationem
585 3840 736 3902 generalem
755 3841 901 3902 percontari
922 3846 1054 3907 poterunt,
1081 3853 1116 3893 au
1141 3841 1202 3894 reth
1226 3839 1440 3906 disceptationem

198 3925 294 3978 diutius
312 3925 468 3988 continuari;
487 3927 514 3976 et
532 3922 665 3989 expuisitis
682 3935 729 3986 per
748 3928 832 3977 actum
851 3925 1006 3988 assurgendi
1024 3927 1065 3979 nel
1085 3926 1190 3978 sedendi
1202 3926 1342 3992 suffragiis,
1361 3927 1439 3981 snam

196 4011 350 4064 discussioni
368 4011 507 4075 imponent,
525 4011 547 4064 si
566 4011 590 4062 id
610 4010 701 4076 majori
721 4011 824 4063 Patrmn
845 4012 1018 4075 praesentium
1037 4024 1143 4066 numero
1162 4013 1243 4066 risum
1262 4013 1349 4067 inerit.

305 4099 344 4150 ιι.
370 4097 501 4151 ἰιιοιιιιι
528 4107 605 4162 super
632 4109 683 4150 nna
700 4095 842 4159 schematis
870 4100 942 4162 parte
970 4099 1128 4152 discussione
1156 4102 1295 4164 antequam
1315 4101 1437 4154 transitus

199 4187 243 4239 ilat
266 4186 297 4238 ad
322 4184 400 4238 aliam
426 4185 574 4238 cardinales
598 4185 731 4238 Praesides
756 4185 880 4250 suffragia
900 4187 1115 4251 congregationis
1138 4187 1270 4240 Generalis
1296 4187 1437 4253 exquirent,

197 4272 307 4336 nmmum
332 4272 433 4337 onidem
456 4281 536 4337 super
560 4271 697 4338 propositis
719 4273 745 4325 iu
769 4285 800 4325 ea
823 4271 879 4338 lpsa
899 4273 1057 4327 discussione
1081 4273 1320 4338 emendationibus,
1348 4275 1437 4328 deinde

197 4369 276 4422 super
293 4358 394 4423 integro
412 4359 495 4423 partis
514 4358 678 4412 examinatae
696 4361 777 4412 textu.

305 4445 343 4498 ιι.
380 4445 509 4510 sumagia
527 4447 581 4500 inm
600 4457 680 4510 super
698 4447 934 4510 emendationibus,
959 4451 1012 4500 tum
1036 4459 1115 4510 super
1139 4447 1307 4512 singularium
1327 4448 1435 4512 portium

197 4531 271 4582 textu
287 4531 323 4584 ita
341 4543 357 4584 a
373 4531 492 4584 Patribus
511 4531 614 4586 concilii
632 4532 759 4599 lereotnr,
779 4535 808 4586 ui
826 4533 960 4587 Praesides
979 4533 1104 4588 distinctis
1123 4533 1219 4586 vicibus
1233 4535 1264 4586 ad
1278 4535 1436 4600 surgendum

197 4605 434 4684 contestariorum
453 4631 499 4672 eos
518 4619 560 4689 pul
579 4619 754 4676 emendationi
774 4621 814 4675 vei
832 4621 918 4698 textui*
931 4621 1121 4688 assentiuntur,
1141 4621 1230 4676 deinde
1249 4633 1294 4675 eos
1313 4621 1355 4690 qui
1374 4633 1435 4675 con-
