3152 5014
221 271 283 339 156
344 291 466 365 Verinp,
486 295 575 360 titan,
594 295 725 350 Schriften
743 297 796 350 und
815 297 943 352 Wtrnsclle
962 312 1019 352 zani
1038 299 1235 355 tcamenisclaen
1253 281 1350 356 concil.

223 469 250 520 et
267 481 299 521 ex
319 468 369 520 lanc
386 467 512 530 dissensu,
530 469 608 522 ueluti
627 483 641 522 e
661 469 741 533 tonte,
761 483 851 524 omnes
869 473 1070 528 acatholicorum
1085 485 1189 526 errores
1198 475 1337 530 dimanant.
1365 475 1466 542 ,Ceam

221 554 304 608 enim
322 553 477 622 ejusmodi
493 556 656 609 societates
666 561 796 611 careant
809 559 882 611 vireu
898 559 956 612 illa
976 563 1004 612 et
1023 575 1043 613 a
1056 559 1121 614 Deo
1136 563 1307 616 constituta
1321 566 1466 618 anctori-

222 643 298 706 tate,
319 655 397 708 qnae
416 639 555 706 homines
582 657 632 695 res
655 641 728 710 fidei
745 659 929 714 moransque
948 646 1151 713 disciplinam
1168 650 1354 712 praesertim
1374 651 1466 704 docet

222 739 333 796 easque
353 727 464 796 diripit
483 741 520 780 aa
539 729 721 782 moderatur·
739 731 775 782 in
793 731 833 784 iis
853 731 996 785 circuibas
1016 747 1095 802 qnae
1120 734 1162 785 aci
1187 737 1349 788 aeternam
1376 737 1466 790 salac-

222 815 282 866 cem
298 815 474 880 pertinent;
493 819 560 867 isam
578 817 740 870 societates
759 818 855 884 ipsae,
875 819 910 870 in
928 819 994 870 siais
1020 819 1173 872 doctrinis
1196 822 1392 876 continenter
1410 840 1467 877 va·

221 900 364 965 eicerent,
391 904 419 954 et
444 901 517 956 ilaec
539 901 700 957 mobilitas
724 907 817 971 atone
841 903 1036 958 instabilitas
1054 905 1140 974 apud
1159 907 1281 962 easdem
1299 910 1467 966 societates

221 987 527 1056 cappadocenae
563 990 622 1042 Sive
643 1003 705 1054 ergo
725 992 768 1055 out
787 996 812 1042 te
831 991 1000 1055 interrogovit
1018 995 1173 1047 senteutiam
1198 995 1359 1061 consideret,
1387 1009 1468 1061 quam

223 1071 255 1124 de
273 1073 456 1128 infallibilitate
471 1075 560 1140 ludicii
578 1076 617 1128 sai
636 1077 661 1128 ln
679 1077 828 1130 delinitione
846 1090 934 1132 reram
954 1080 1124 1142 spectantium
1143 1080 1221 1134 iidem
1240 1087 1266 1132 et
1287 1094 1374 1134 mores
1394 1086 1469 1137 tenet
1568 1117 1569 1158 ,

222 1161 345 1225 Ecclesia,
363 1161 417 1213 siae
436 1175 502 1228 qaae
520 1162 571 1215 llos
590 1163 622 1214 de
637 1176 689 1217 non
709 1164 854 1216 revocando
875 1165 900 1216 ln
918 1166 1023 1218 clabiam
1042 1167 1111 1218 Petri
1130 1167 1240 1231 primatu
1266 1170 1291 1218 et
1312 1169 1467 1233 magisterio
1568 1159 1569 1226 i

222 1247 385 1314 scripsimus;
405 1248 531 1313 intelliget
548 1249 615 1302 illico
633 1251 696 1303 nulli
716 1251 895 1304 damnatorum
914 1264 1031 1304 errorum
1048 1255 1189 1315 patrocinio
1208 1257 1292 1308 locum
1310 1268 1368 1308 esse
1387 1269 1468 1320 posse
1568 1227 1569 1304 t

222 1335 248 1388 iu
266 1335 389 1398 concilio,
408 1347 456 1386 uec
474 1336 525 1388 llos
544 1337 699 1388 acatholicos
717 1336 826 1389 invitare
844 1339 960 1401 poluisse
979 1341 1010 1390 ad
1031 1340 1240 1405 disceptandum,
1263 1343 1310 1394 sed
1329 1343 1468 1398 dumtaxat
1568 1341 1569 1400 l

222 1425 251 1476 ut
272 1424 488 1487 „occasionem
512 1423 745 1498 asnplectantnr
769 1422 860 1492 injus
887 1423 1030 1487 Consilii,
1056 1441 1116 1495 quo
1134 1426 1275 1481 Ecclesia
1300 1429 1468 1495 catholica,

224 1511 276 1564 cni
299 1525 408 1564 eornm
432 1511 568 1581 majores
593 1511 746 1578 adscripti
774 1516 879 1576 erant,
908 1527 1025 1566 novam
1051 1515 1183 1568 intimae
1209 1516 1344 1569 unitatis
1366 1520 1396 1573 et
1413 1519 1467 1569 in·
1568 1499 1569 1510 ¹

222 1597 442 1674 eapnpnabilis
461 1597 569 1650 vitalis
594 1598 645 1650 sni
669 1596 793 1650 roboria
817 1597 937 1652 sentiet
963 1604 1197 1670 arpnnaentana,
1223 1615 1260 1654 ac
1278 1602 1467 1671 indipentiis
1568 1603 1569 1658 f

224 1697 332 1736 eornm
351 1684 454 1737 cordis
472 1684 702 1750 respondentes,
722 1683 760 1736 ab
781 1699 816 1738 eo
835 1688 920 1738 stain
938 1700 969 1738 se
990 1687 1109 1752 eripere
1122 1688 1276 1754 studeant,
1296 1691 1331 1742 in
1344 1705 1405 1759 qno
1428 1693 1465 1746 de
1568 1723 1569 1726 =

223 1779 282 1823 sna
300 1771 435 1838 propria
454 1770 555 1823 salute
574 1771 676 1824 secari
696 1784 758 1824 esse
777 1785 841 1824 non
850 1771 1011 1840 possunt.“
1039 1774 1133 1837 stipsi,
1152 1775 1237 1826 divina
1249 1778 1334 1837 gratia
1348 1777 1468 1840 atlante,
1568 1765 1569 1806 ³

222 1857 357 1923 propriam
375 1857 512 1910 discrimen
532 1857 680 1921 percipiant,
699 1857 720 1908 si
740 1861 794 1910 toto
815 1861 891 1910 corde
911 1859 990 1912 ceam
1011 1864 1144 1926 quaerant,
1164 1861 1240 1913 iacile
1254 1861 1374 1924 abjicient
1387 1875 1465 1925 prae·
1568 1865 1569 1868 ’

224 1949 376 2008 conceptam
395 1944 509 2010 quanvis
527 1945 664 1997 adversam
683 1946 845 2010 opinionem,
868 1948 894 1998 et
912 1948 981 1998 omni
1000 1948 1086 2000 statim
1105 1948 1266 2012 disceptandi
1285 1949 1401 2011 cupidine
1421 1952 1467 2003 de·
1568 1933 1569 2002 i

223 2031 315 2096 positu,
334 2031 453 2084 redibunt
479 2033 509 2084 ad
528 2032 644 2094 Patrem,
672 2044 688 2084 a
716 2044 766 2096 uuo
790 2032 889 2096 jamnia
916 2034 1054 2086 infeliciter
1079 2035 1261 2087 discesserunt.
1305 2036 1356 2088 llos
1378 2040 1467 2089 autem

223 2118 286 2170 laeti
304 2130 468 2172 occurremus
487 2120 549 2183 ipsis
569 2131 664 2184 eosque
685 2125 793 2182 paterna
813 2120 918 2172 caritate
937 2121 1064 2184 complexi
1077 2121 1244 2184 gaudebimus
1257 2123 1393 2174 Ecclesiam
1410 2125 1468 2176 uni·
1568 2139 1569 2192 1

224 2217 325 2258 versam
344 2206 469 2268 gratulari
487 2205 570 2261 Nonis.
584 2207 651 2272 quod
670 2205 714 2259 tilii
732 2206 802 2259 Notri
822 2207 863 2272 qai
883 2208 976 2260 morlai
997 2213 1072 2260 erant
1089 2199 1246 2271 revixerint,
1270 2213 1296 2260 et
1321 2211 1362 2272 qai
1382 2211 1467 2273 peric·
1568 2273 1569 2276 Ἴ

213 2297 283 2346 'rant
300 2293 351 2346 sint
369 2293 472 2346 inventi.
508 2294 533 2346 ld
553 2297 623 2346 certe
642 2307 656 2344 a
672 2294 724 2344 lieo
743 2294 871 2356 poscimus
890 2295 979 2360 enixe3
1000 2297 1026 2346 et
1043 2296 1081 2358 tu,
1094 2295 1252 2348 venerabilis
1266 2294 1356 2359 trater,
1376 2309 1468 2360 preces

224 2383 283 2432 tuas
298 2381 377 2444 junge
395 2379 501 2433 Nostris.
538 2380 641 2433 interim
669 2392 730 2432 vero
759 2379 837 2432 divini
864 2381 963 2434 iuvaris
990 2382 1121 2445 auspicem
1141 2385 1167 2433 et
1185 2384 1337 2445 praecipuae
1355 2383 1467 2435 Nostrae
1568 2393 1569 2396 ’

225 2467 422 2520 benevolentiae
443 2469 534 2531 pignus
553 2467 726 2532 Apostolicam
745 2450 951 2520 Benedictionem
979 2469 1023 2520 liat
1052 2468 1149 2533 totique
1177 2469 1288 2520 dioecesi
1310 2471 1371 2522 tuae
1391 2483 1467 2534 peru-

226 2558 327 2606 mantsr
345 2554 518 2618 impertimus.
1171 2581 1173 2585 s

328 2642 419 2694 catam
438 2643 540 2706 Romae,
559 2641 626 2704 apua
645 2643 670 2694 S.
689 2641 803 2704 Petrum,
823 2639 863 2692 die
883 2641 907 2692 t.
920 2639 1079 2702 Septembris
1100 2639 1172 2692 teos.
1203 2641 1368 2695 Pontiniacus
1382 2641 1468 2696 Nostri
1568 2623 1569 2664 ⁴

226 2741 293 2783 anno
314 2729 397 2781 lllilll.
1206 2725 1283 2780 Pius
1301 2727 1359 2782 ΡΡ.
1379 2727 1432 2780 ΙΧ.

325 2849 371 2902 ill.
407 2850 458 2902 llas
484 2847 635 2903 Giornale
660 2849 694 2902 di
719 2845 818 2902 Roma
843 2847 1048 2900 svenonenntcute
1073 2859 1114 2900 am
1137 2849 1177 2900 20.
1201 2846 1310 2901 October
1337 2851 1402 2903 1869
1426 2851 1468 2904 die

226 2939 325 2992 namen
343 2948 394 2988 von
407 2937 440 2988 63
456 2936 599 3000 Bisclrtlien,
618 2937 726 2998 welche,
744 2935 869 2988 meistens
889 2947 982 2998 wegen
1000 2935 1088 2987 honen
1107 2935 1199 2999 illiers,
1218 2934 1289 2988 nicht
1304 2948 1361 2988 ziam
1381 2937 1468 2990 concil

227 3023 378 3076 esscheiuen
397 3026 512 3086 werden,
532 3023 584 3075 und
602 3023 681 3076 deren
700 3021 919 3084 lintsciaalcllgung
938 3021 984 3072 der
1002 3019 1096 3084 heilige
1109 3021 1185 3072 later
1203 3022 1241 3073 als
1261 3021 1406 3084 begrtludei
1422 3036 1467 3076 an·
1568 3041 1569 3046 ¹

227 3112 362 3164 etianuae.
398 3111 449 3162 ilas
467 3109 587 3162 amiticiae
605 3110 673 3162 Biatt
685 3107 890 3161 veronenntcnte
903 3105 1021 3170 augleicn
1040 3107 1097 3159 eine
1116 3106 1231 3158 Stetistii
1244 3108 1291 3160 cler
1302 3107 1468 3162 iratissimis

227 3198 279 3250 und
298 3197 424 3250 Bisctallte.
461 3198 579 3250 Darnscla
597 3197 653 3261 gloc
671 3209 699 3248 es
719 3193 768 3246 its
788 3193 960 3246 crabisalallte.
978 3193 1029 3244 ana
1053 3194 1101 3244 tiit
1126 3191 1259 3257 Biscnite,
1282 3206 1312 3246 so
1337 3195 1396 3246 dass
1422 3195 1470 3247 aut

227 3285 287 3336 dem
305 3283 393 3337 concil
411 3285 445 3336 im
464 3284 570 3337 canzeu
589 3284 639 3336 itta
658 3282 776 3336 Bisclaiie
800 3269 1033 3342 slimmberechtigt
1056 3280 1111 3332 sein
1136 3280 1253 3332 wtlrdeu.
1290 3279 1334 3330 lile
1360 3281 1467 3332 simmi-

226 3373 312 3426 tlcnen
338 3371 528 3434 Erneuuangen
555 3371 602 3422 der
628 3369 829 3422 verschiedenen
856 3366 1024 3418 Functionire
1051 3367 1093 3418 itin
1119 3367 1166 3418 das
1185 3367 1271 3420 concil
1300 3367 1387 3418 halen
1412 3366 1468 3418 luat

229 3455 489 3522 Zeitangsbericluten
508 3469 555 3508 aas
574 3457 635 3510 Rom
651 3467 709 3509 rom
729 3457 769 3508 22.
783 3453 891 3507 October
909 3453 1112 3515 stuttgetanden.
1148 3453 1189 3506 tls
1209 3449 1469 3506 uenerat-Secre-

229 3547 281 3598 ttir
310 3544 355 3596 des
381 3542 482 3597 concils
506 3543 538 3595 ist
563 3542 657 3595 iereits
680 3543 728 3595 seit
752 3541 890 3594 mehreran
914 3541 1033 3592 ilionalen
1055 3540 1102 3592 der
1125 3539 1337 3603 hochwtirdlgste
1365 3538 1472 3591 Bisctaot

227 3629 344 3699 Joseptc
361 3629 482 3686 Fessler
500 3641 550 3682 von
568 3631 605 3683 st.
626 3630 714 3682 Pilteu
727 3627 754 3680 in
772 3629 834 3681 llam
854 3626 940 3689 thille.
977 3625 1022 3678 iiie
1040 3625 1188 3690 cardinale,
1207 3626 1307 3677 welche
1331 3625 1381 3678 cleu
1405 3625 1469 3676 vor·

229 3717 348 3771 arisiteu
367 3714 431 3770 illr's
444 3717 531 3770 concil
550 3699 712 3781 prisidlrten,
731 3715 788 3767 sind
807 3727 838 3767 cu
851 3713 1018 3766 Prisidenten
1032 3713 1078 3765 ier
1090 3712 1230 3778 speclellen
1243 3710 1469 3774 congregationem

228 3807 274 3858 des
293 3805 392 3860 Coactis
410 3806 521 3857 ernanni
540 3803 655 3856 worden.
691 3803 722 3856 lis
740 3801 799 3853 sind
817 3799 857 3852 die
877 3798 1011 3852 cardinale
1030 3796 1160 3861 Patrisi,
1178 3810 1241 3852 aon
1259 3795 1390 3850 Reisacts
1408 3796 1470 3858 (cler

228 3903 322 3955 wegen
343 3893 476 3944 schu'erer
493 3891 663 3954 crkranlrang
681 3888 744 3942 aber
762 3887 831 3940 ivoni
849 3886 931 3938 leider
948 3885 1020 3938 niani
1038 3885 1102 3936 wird
1121 3884 1192 3936 Theil
1210 3885 1324 3936 uelamen
1341 3879 1469 3948 litamen),

228 3975 388 4043 Bernaba,
398 3975 492 4038 Bitia,
504 3973 652 4040 Celerini,
665 3973 811 4028 Bizsarri
822 3973 872 4026 aud
887 3973 924 4027 de
934 3969 1031 4026 Luca.
1050 3971 1132 4042 Zi'fflf
1142 3967 1471 4024 Oerenaonienmeister

228 4067 275 4120 des
294 4066 392 4120 concils
412 4064 518 4116 warsten
537 4065 653 4116 ernanni.
691 4060 829 4114 Disselben
846 4059 932 4114 haben
951 4059 999 4110 das
1018 4059 1087 4119 Ami,
1108 4055 1147 4108 dic
1166 4056 1284 4110 Bischllie
1302 4069 1333 4108 au
1350 4056 1470 4118 emptun·
1568 4083 1569 4102 t

230 4167 282 4220 gen
300 4153 352 4206 and
370 4152 396 4205 ln
415 4151 455 4204 dle
474 4149 655 4204 concils-lala
673 4161 705 4202 ca
724 4149 845 4212 geleiten.
883 4146 951 4200 zwet
971 4143 1309 4198 conectatur-navanter
1328 4144 1390 4205 ilsg.
1409 4141 1471 4195 Mi·
1568 4127 1569 4214 J

228 4240 309 4294 necti
333 4239 385 4292 and
410 4241 472 4302 llsg.
491 4236 580 4290 Racili
601 4237 658 4290 siusl
681 4247 713 4288 aa
738 4235 908 4287 Promoloren
933 4233 979 4285 des
999 4231 1097 4286 concils
1121 4234 1240 4282 ernannt.
1276 4229 1321 4281 ilie
1344 4229 1405 4282 zahl
1423 4230 1471 4280 der
1568 4233 1569 4250 ¹

228 4330 396 4381 scrutatorem
419 4324 648 4387 (Stimmsammler
671 4323 711 4376 uel
736 4308 922 4382 llcscilcssen)
948 4319 1037 4372 causale
1064 4317 1113 4372 aut
1136 4317 1198 4370 achi
1224 4317 1385 4378 testgesetat.
1427 4315 1471 4367 Sic

230 4415 336 4467 worden
365 4425 412 4466 aas
437 4412 487 4464 den
511 4409 658 4465 rimisclaen
682 4409 802 4462 crilaten
830 4417 1001 4467 genommen,
1025 4407 1100 4456 anter
1124 4403 1203 4456 lunen
1227 4403 1312 4465 lisgre
1334 4399 1472 4454 Fullone·

229 4501 283 4554 und
301 4503 386 4564 Magne
405 4497 499 4552 Nina.
538 4497 591 4549 illle
610 4497 678 4560 Tage
697 4493 852 4556 aescntntga
870 4491 923 4544 sicta
942 4491 1001 4542 Pius
1020 4491 1059 4540 tx.
1078 4489 1198 4542 melrere
1216 4489 1330 4542 Sinnden
1352 4487 1399 4539 mit
1417 4487 1472 4539 clie-

229 4601 277 4640 sen
302 4587 435 4648 trbeiten,
459 4597 502 4638 am
527 4583 582 4636 sich
605 4581 752 4645 persoulicla
775 4592 827 4632 von
845 4580 935 4632 altem.
959 4588 1015 4628 was
1034 4576 1074 4629 die
1092 4573 1259 4648 vorarieiten
1283 4573 1421 4638 gelletert,
1445 4573 1472 4626 iu

230 4675 368 4726 ltenntulss
388 4686 421 4728 cu
439 4679 537 4724 seccen.
574 4670 618 4722 ilie
637 4670 704 4722 neae
723 4667 822 4720 weiclne
846 4665 892 4718 cler
909 4663 1063 4718 malissimi
1077 4674 1128 4716 uon
1146 4662 1273 4724 icosium,
1295 4661 1371 4724 tisun.
1390 4658 1473 4713 Pser-
