3192 5008
206 314 269 380 304
315 328 471 400 Blitafeld,
491 331 573 384 dmm
591 331 729 384 deutscber
747 331 865 384 Biscbbie
883 331 930 386 aul
945 331 987 385 dle
1008 331 1038 383 17
1056 331 1156 395 maren
1175 331 1222 385 der
1240 328 1335 394 congr
1354 329 1450 385 concil.

294 503 379 571 intra
400 502 530 589 capituli
551 501 628 569 finos
651 521 777 570 munere
800 501 903 587 aliquo
934 501 1041 568 eccles
1066 501 1268 588 iungentibus
1290 505 1338 570 est
1360 524 1451 588 praa<

293 610 426 695 ceptum.
471 607 586 690 Aliquo
600 608 739 692 ternpore
761 608 928 692 antequam
945 607 1140 687 conueniunt,
1163 607 1313 674 materiae
1329 607 1450 693 aliquae

291 712 486 799 theologicae
508 714 541 778 et
562 711 726 778 canonicae
748 713 816 777 tum
839 711 880 778 ad
902 711 1128 796 disputationes
1150 711 1308 777 habendas
1324 713 1392 778 tum
1408 714 1448 779 ad

291 817 565 886 commentationes
605 815 840 882 conscribendas
881 816 1129 902 promulgantur.
1184 815 1281 882 Suum
1321 818 1450 902 quisque

292 923 434 990 sacerdos
456 923 497 988 50
520 938 615 987 annos
637 921 772 987 nondum
803 921 896 986 natus
927 920 1068 987 exhibere
1093 919 1243 1005 scriptum
1266 920 1376 1000 debet,
1396 922 1450 1008 ju-

291 1028 392 1094 niores
415 1028 521 1094 autern
543 1025 660 1092 vicario
682 1026 806 1092 tantum
829 1025 920 1091 modo
942 1024 1082 1091 instituti
1103 1025 1193 1103 bina,
1220 1045 1317 1092 unum
1339 1026 1448 1112 lingua
1578 1081 1579 1086 ,

290 1133 471 1210 vernacula,
502 1129 636 1198 alterum
663 1129 764 1196 latina
786 1130 954 1196 exaratum.
1000 1129 1114 1196 Finitis
1137 1130 1332 1196 conferentiis
1363 1131 1449 1197 curia

291 1237 383 1323 episc.
411 1238 444 1304 et
471 1235 598 1320 scripta
617 1235 649 1301 et
679 1235 846 1319 protocolla
875 1233 1057 1301 transmissa
1080 1234 1247 1321 diligenter
1268 1235 1447 1319 perlustrat,

291 1343 402 1428 prebat
423 1342 457 1408 et
476 1341 632 1417 reconset;
656 1339 850 1423 quaestiones
873 1339 1062 1406 difficiliores
1085 1360 1101 1406 e
1123 1341 1278 1406 canonicis
1301 1340 1333 1406 et
1355 1341 1448 1406 litur-

292 1446 370 1532 gicis
391 1445 574 1531 praesertim
597 1443 778 1528 disciplinis,
802 1443 839 1510 de
862 1443 973 1528 quibus
992 1442 1024 1508 in
1039 1445 1216 1527 protocollis
1238 1444 1331 1510 dubia
1354 1463 1447 1530 quae·

291 1551 364 1616 dam
386 1551 546 1634 apparent,
570 1548 683 1615 enodat
705 1549 736 1614 et
759 1547 892 1640 explicat
907 1566 943 1613 ac
959 1547 1068 1614 deinde
1084 1548 1123 1614 ad
1142 1549 1279 1634 capitula
1292 1549 1445 1616 rescribit.

293 1653 409 1721 Verum
431 1655 496 1734 est,
519 1653 707 1738 permultum
731 1652 803 1719 inde
832 1652 936 1718 enasci
956 1653 1110 1718 canonicis
1131 1652 1209 1719 meis
1231 1654 1364 1733 laboris;
1393 1655 1447 1720 sed

292 1759 380 1825 labor
394 1759 443 1824 est
463 1757 622 1838 fructifer,
653 1757 799 1842 quoniam
819 1758 853 1822 in
876 1756 1081 1824 conterentias
1103 1757 1148 1823 sic
1169 1759 1321 1824 tractatas
1344 1760 1448 1844 torpor

292 1865 427 1948 irrepere
446 1862 563 1948 nequit.

237 1968 271 2053 2)
292 1967 433 2034 cundem
455 1967 488 2034 in
508 1966 612 2045 tinem,
634 1967 671 2032 ut
692 1965 867 2032 sacerdotes
889 1965 922 2032 iu
944 1965 1043 2032 literis
1059 1966 1193 2033 colendis
1208 1987 1301 2052 quam
1316 1969 1448 2037 maxime
1580 2021 1581 2024 ,

294 2070 489 2156 adjuventur,
523 2071 557 2136 in
578 2070 686 2164 quovis
707 2069 805 2136 rurali
828 2069 964 2154 capitulo
986 2070 1116 2137 societas
1136 2071 1276 2139 litoralia
1303 2076 1336 2139 et
1359 2067 1447 2140 'com-

293 2176 396 2242 munis
418 2176 606 2243 bibliotheca
629 2177 741 2253 exstat,
773 2194 850 2260 quas
872 2175 904 2240 in
927 2175 1146 2254 bibliothecas,
1170 2179 1207 2242 ut
1227 2177 1301 2243 libri
1322 2178 1448 2264 majoris

293 2281 396 2366 pretii,
418 2299 494 2366 quos
516 2280 632 2367 singuli
646 2280 697 2347 rix
712 2299 813 2346 emere
827 2280 956 2364 possint,
979 2281 1150 2364 comparari
1165 2283 1290 2366 queant,
1313 2285 1448 2367 parochi,
1580 2249 1581 2298 ³

294 2384 443 2472 capellani
459 2386 492 2452 et
502 2385 611 2452 sicarii
630 2385 765 2450 statutas
780 2384 904 2450 solvunt
913 2385 1069 2468 pecunias.
1086 2383 1258 2466 Quotannis
1272 2386 1450 2474 Episcopali

294 2489 398 2558 cunae
420 2489 539 2575 accepti
562 2490 594 2556 et
616 2487 737 2574 expansi
759 2487 839 2554 ratio
861 2487 1011 2554 redditur.

237 2596 272 2679 3)
293 2593 409 2661 Eodem
441 2595 567 2662 consilio
594 2594 776 2661 ordinantur
806 2593 1080 2662 commentationes
1110 2614 1127 2661 a
1149 2594 1331 2681 theologicis
1354 2597 1449 2662 disci·

293 2697 386 2783 plinis
419 2698 511 2766 statis
542 2699 733 2784 temporibus
765 2719 820 2784 pro
854 2698 1040 2766 admissione
1073 2697 1112 2764 ad
1143 2716 1248 2764 curam
1275 2699 1449 2768 animarum
1581 2711 1582 2718 ’

294 2803 531 2883 elucubrandae,
554 2823 632 2888 quae
656 2804 837 2889 plerumque
859 2801 1185 2886 studia-comprobent
1208 2802 1328 2870 altiora.

238 2908 273 2993 4)
294 2906 408 2992 Rigore
438 2905 579 2992 deniqne,
610 2927 669 2992 qno
699 2925 862 2972 concursus
892 2905 1062 2991 pastorales
1081 2925 1135 2990 pro
1158 2907 1332 2974 obtinendis
1354 2909 1449 2977 bene·

293 3011 372 3078 ficiis
394 3011 596 3097 peraguntur,
615 3010 752 3095 juniores
776 3009 878 3076 clerici
902 3009 1032 3076 salutari
1055 3009 1187 3094 quodem
1206 3011 1292 3076 metu
1308 3014 1449 3097 suspensi

294 3115 509 3182 inliteratum
532 3116 620 3181 cultu
642 3115 828 3182 detinentur.

311 3219 398 3302 Quae
419 3217 578 3304 hucusque
601 3219 779 3286 enumeravi
801 3219 903 3286 media
925 3220 1016 3304 plane
1040 3220 1226 3287 sufficientia
1252 3221 1345 3304 atque
1376 3241 1448 3286 cou-

210 3345 289 3413 graa
303 3325 343 3392 ad
357 3323 520 3390 literarum
535 3324 672 3406 studium
687 3323 720 3390 in
735 3323 945 3391 sacerdotibus
966 3323 1208 3392 conservandum
1231 3326 1263 3391 et
1284 3325 1449 3392 fovendum

195 3429 288 3500 milri
311 3448 376 3496 esse
397 3428 551 3496 uidentur.

313 3533 360 3600 De
384 3533 482 3602 altera
504 3532 693 3618 quaestionis
714 3535 801 3618 parte
823 3551 905 3600 nunc
919 3533 1043 3619 quidem
1058 3534 1192 3602 brevitor
1206 3533 1448 3618 perstrinxerim,

210 3639 285 3726 quid
307 3639 340 3706 in
361 3659 431 3706 mea
452 3638 555 3704 Dioec.
578 3637 620 3703 sit
641 3637 814 3722 provisum,
839 3639 876 3704 ut
898 3638 1073 3705 sacerdotes
1095 3639 1302 3706 excellentiori
1324 3639 1449 3725 ingenio

210 3743 344 3831 praediti
365 3746 397 3810 et
418 3762 491 3828 prae
513 3743 623 3809 ceteris
646 3741 801 3826 conspicui
823 3743 856 3808 in
878 3741 1020 3809 omnibus
1041 3742 1153 3808 diuinis
1181 3763 1218 3808 ac
1238 3743 1335 3810 sacris
1357 3743 1448 3810 disci·

209 3849 304 3936 plinis
325 3847 460 3966 penitius
486 3847 673 3913 excolantur

242 3955 273 4040 1)
295 3953 406 4019 Exstat
427 3951 459 4017 in
482 3951 674 4018 convictibus
696 3950 909 4035 praesertim
900 3971 933 4016 rn
949 3950 1094 4037 Tubing,
1109 3951 1221 4036 Repeti
1210 3952 1326 4017 rtorum
1349 3951 1449 4019 Colle·

297 4057 395 4145 giam
417 4057 450 4122 iu
465 4057 545 4141 quod
557 4054 661 4122 clerici
683 4056 819 4122 scientiis
834 4057 867 4122 et
880 4057 1017 4123 moribus
1032 4057 1263 4141 praecellentes,
1285 4059 1449 4142 postquam

296 4161 467 4228 sacerdotio
489 4159 607 4227 initiati
629 4179 724 4226 unum
746 4161 796 4228 vel
818 4160 894 4229 duos
917 4181 1012 4228 annos
1034 4161 1067 4226 ιι
1082 4162 1255 4227 animarum
1272 4181 1346 4229 cura
1360 4180 1446 4228 erer-

296 4265 386 4334 citati
407 4265 533 4346 fixerint,
549 4265 589 4331 ab
604 4265 754 4350 Episcopo
777 4264 1000 4331 adsciscuntur.
1047 4265 1107 4347 Qui
1130 4265 1187 4332 riri
1206 4266 1335 4350 juvenes
1357 4283 1447 4350 praa-

295 4372 442 4438 lectiones
476 4369 668 4438 academicae
702 4388 773 4435 cum
806 4370 939 4436 alumnis
973 4370 1154 4454 repetendo,
1194 4389 1298 4437 aerum
1334 4369 1449 4454 scripta

297 4475 438 4544 literaria
459 4475 660 4554 recensendo,
695 4475 920 4559 disputationes
950 4474 1128 4560 dirigendo,
1158 4495 1228 4540 cum
1263 4474 1450 4542 doctissimis

298 4581 404 4648 Thool.
434 4581 607 4647 Facultatis
636 4579 858 4664 professoribus
887 4580 1094 4646 conversando
1125 4600 1291 4665 eorumque
1314 4579 1449 4646 consiliis
1580 4593 1581 4598 ¹

298 4687 329 4753 et
364 4685 550 4771 adjumentis
583 4684 698 4752 utendo
731 4683 850 4751 ratione
883 4702 1002 4752 summe
1025 4687 1195 4770 opportuna
1217 4685 1250 4752 in
1276 4683 1450 4751 studiorum
