3160 5010
285 324 335 376 llas
353 333 413 382 zona
430 319 568 382 Bescbluss
587 318 720 371 erbobene
738 316 900 384 Prooemium
919 317 955 372 ne
973 317 1025 369 lide
1044 317 1178 370 catholica.
1290 299 1353 364 481

111 501 181 561 dum,
200 496 295 560 rejecto
314 494 399 546 divino
419 491 547 546 Ecclesiae
566 489 731 554 magisterio,
750 489 845 560 res-ad
863 490 1019 553 religionem
1036 493 1182 554 spectantes
1201 488 1292 552 privati
1311 503 1354 546 uu·

107 585 192 648 jnsvis
208 583 300 646 judicio
320 580 539 643 permitterentur,
558 578 583 630 in
602 580 686 630 sectas
705 574 836 640 paullatim
855 565 993 628 dissolutas
1013 589 1070 639 esse
1086 575 1245 638 multiplices
1264 576 1354 642 quibus

111 672 178 722 inter
201 681 229 720 se
254 665 463 719 dissentientibus
493 667 519 716 et
544 663 749 716 concertantibus
775 661 857 714 omnis
877 660 980 712 tandem
1004 661 1029 712 in
1049 661 1179 714 cbristurn
1198 662 1262 714 tides
1287 661 1358 725 apud

112 760 206 809 multos
225 764 351 808 concussa
371 757 419 802 est.
454 752 541 814 ltaque
565 749 620 812 ipsa
638 760 711 800 saera
730 748 825 810 Biblia,
854 759 921 811 quae
943 751 1019 798 antea
1043 748 1199 800 christianae
1225 749 1355 800 doctrinae

111 844 202 895 unicos
220 842 280 894 lons
299 843 324 890 et
340 837 420 900 judex
438 837 628 902 asserebantur,
645 835 698 900 jam
718 846 770 886 non
789 846 835 899 pro
853 834 945 886 divinis
960 833 1058 900 baberi,
1078 835 1128 888 imo
1148 835 1268 898 mvtbteis
1287 847 1356 888 com·

111 930 205 982 meritis
225 925 356 979 accenseri
376 928 526 987 coeperunt.

217 1017 280 1068 Eum
298 1018 359 1064 nata
378 1016 417 1064 est
442 1016 467 1062 et
486 1013 538 1062 late
557 1010 632 1062 ninris
652 1022 697 1073 per
716 1010 804 1062 orbem
822 1011 918 1072 vagata
937 1009 979 1060 illa
998 1008 1164 1063 rationalismi
1183 1021 1230 1062 seu
1250 1012 1355 1072 natura·

114 1102 180 1158 lismi
199 1101 329 1162 doctrina,
356 1111 422 1162 qnae
441 1097 557 1160 religioni
576 1097 731 1150 christianae
750 1099 871 1159 tanquam
890 1094 1083 1158 supernaturali
1101 1094 1215 1148 instituto
1235 1107 1282 1158 per
1301 1107 1357 1148 om·

113 1190 156 1242 nia
176 1189 326 1250 adversans,
345 1196 445 1237 sommo
465 1183 550 1236 studio
569 1183 682 1245 molitur,
702 1185 729 1234 ut
747 1183 803 1234 solo
824 1181 932 1234 Domino
952 1192 983 1232 ao
1002 1179 1135 1232 salvatore
1154 1182 1243 1232 nostro
1256 1181 1357 1234 cbristo

114 1289 130 1328 a
149 1274 276 1326 mentibus
295 1271 430 1335 humanis,
459 1283 474 1322 a
493 1269 544 1320 vita
563 1270 589 1320 et
607 1257 720 1320 moribus
739 1268 895 1330 populorum
915 1267 1036 1330 excluso,
1067 1277 1156 1318 merae
1175 1267 1244 1330 quod
1262 1271 1358 1322 vocant

112 1361 220 1416 rationis
239 1361 280 1411 vel
298 1362 406 1410 naturae
432 1368 541 1419 regnum
564 1354 716 1406 stabiliatur.
753 1355 849 1406 Relicta
867 1357 954 1406 autem
973 1351 1139 1416 projectaque
1157 1353 1298 1405 christiana
1311 1365 1358 1406 re·

113 1449 218 1512 ligionc,
237 1447 331 1508 nogalo
350 1455 412 1495 vero
432 1443 484 1494 beo
504 1447 529 1494 et
548 1441 648 1494 cbristo
668 1441 732 1504 ejus,
751 1442 873 1504 prolapsa
892 1441 996 1490 tandem
1015 1445 1055 1490 cst
1081 1439 1220 1492 multorum
1239 1451 1312 1492 urens
1331 1441 1358 1494 ln

113 1532 285 1600 pantbeismi,
304 1528 497 1592 materniani,
515 1528 634 1580 atbeisnri
653 1527 820 1592 barathrum,
840 1531 867 1578 ut
882 1527 935 1590 jum
954 1528 1036 1590 ipsam
1056 1525 1220 1578 rationalem*
1230 1527 1358 1592 naturam,

115 1633 271 1685 omnemque
292 1617 354 1681 justi
377 1616 493 1684 rectique
517 1625 635 1669 normam
654 1617 796 1678 negantes,
823 1613 875 1664 imo
895 1615 1023 1666 numanae
1041 1612 1172 1666 societatis
1191 1612 1377 1666 fundamenta

116 1707 220 1760 diruere
240 1705 395 1757 comitantur.

219 1810 271 1861 llac
288 1818 366 1870 porro
385 1806 517 1869 impietate
535 1803 733 1868 circumquaque
751 1807 904 1867 grassante..
932 1803 989 1855 deri
1013 1805 1056 1856 vix
1079 1804 1162 1866 potnit
1188 1803 1246 1869 quin
1273 1803 1360 1868 plures

118 1897 196 1950 etiam
215 1907 229 1947 e
249 1895 390 1946 catholicae
408 1891 536 1944 Ecclesiae
560 1890 617 1942 filiis
642 1892 710 1942 nralo
736 1889 889 1942 amarentur
907 1891 1013 1954 spiritu,
1032 1894 1057 1942 et
1076 1890 1205 1942 diminutis
1223 1890 1355 1952 paullatim

115 1979 265 2034 veritatibus
283 1993 375 2031 sensns
394 1977 535 2029 catholicus
553 1975 579 2026 in
598 1975 660 2038 ipsis
680 1978 868 2029 attenuaretur.
905 1977 987 2028 variis
1004 1977 1072 2028 enirn
1091 1989 1121 2028 ac
1135 1976 1280 2041 geregrlnls
1296 1978 1357 2030 doc«

115 2068 189 2122 trinis
208 2064 319 2128 abducti,
338 2065 458 2116 naturam
477 2067 502 2114 et
519 2062 638 2124 gratiam,
657 2063 790 2114 scientiam
808 2065 945 2114 humanam
965 2069 991 2116 et
1004 2063 1082 2116 tidem
1095 2065 1207 2116 divinam
1223 2075 1359 2128 perperam

115 2154 325 2214 commiscentes,
344 2152 494 2214 genuimum
512 2161 616 2201 sensum
636 2151 801 2212 dogmatum,
819 2161 894 2214 quern
915 2154 985 2202 tenet
1004 2163 1035 2201 ac
1051 2151 1127 2203 docet
1145 2153 1172 2202 S·
1190 2152 1219 2202 ll.
1239 2151 1359 2216 Ecclesia,

116 2242 258 2304 depravare
277 2238 502 2300 integritatemque
521 2240 547 2288 et
565 2237 737 2288 sinceritatem
750 2236 811 2288 lidei
826 2235 852 2288 in
867 2237 1007 2301 periculum
1021 2238 1149 2290 adducere
1162 2238 1359 2301 comperiuntur.

219 2343 312 2406 Quibus
336 2341 453 2394 omnibus
478 2341 638 2405 conspectis,
669 2353 721 2393 non
740 2345 848 2404 possunt
872 2353 926 2394 non
945 2341 1102 2395 commoveri
1121 2343 1211 2395 intima
1228 2335 1359 2395 Ecclesiae

115 2432 223 2482 viscera.
260 2427 479 2491 Quenradmodum
503 2427 570 2479 eninr
588 2428 656 2479 Deus
680 2429 734 2479 vult
761 2439 851 2480 omnes
870 2429 986 2481 homines
1005 2431 1092 2481 salvos
1110 2429 1174 2492 lieri,
1193 2429 1268 2480 etad
1288 2428 1358 2492 agni·

115 2520 211 2570 tionem
230 2517 343 2568 veritatis
362 2513 500 2579 pervenire
507 2529 514 2580 ;
534 2513 751 2578 quemadmodum
771 2515 888 2567 Christus
907 2515 985 2579 venit,
1005 2519 1033 2568 nt
1050 2517 1149 2568 salvum
1162 2514 1268 2582 laceret,
1291 2517 1359 2581 quod

115 2605 228 2668 perierat
246 2606 271 2655 et
289 2603 356 2655 lilios
374 2601 428 2664 liei,
448 2601 489 2665 qui
508 2602 582 2653 erant
600 2603 718 2666 dispersi,
737 2605 910 2665 congregaret
928 2602 953 2654 in
973 2615 1062 2656 unum:
1083 2605 1118 2656 ita
1137 2603 1256 2670 Ecclesia,
1276 2605 1358 2658 alteo

114 2693 267 2754 populorum
287 2693 370 2740 mater
388 2697 413 2739 et
432 2685 556 2749 magistra
575 2688 728 2750 constituta,
747 2687 866 2740 omnibus
885 2687 1036 2740 debitricem
1054 2702 1082 2740 se
1101 2689 1192 2754 novit,
1222 2703 1253 2742 aa
1271 2691 1359 2753 lapsos

114 2779 233 2841 erigere,
251 2777 370 2828 labantes
389 2775 534 2838 sustinere,
552 2773 707 2826 revertentis
725 2773 861 2838 amplecti,
881 2767 1035 2827 conllrmare
1054 2777 1135 2828 bonos
1155 2781 1181 2828 et
1199 2777 1230 2828 ad
1249 2778 1358 2830 meliora

112 2864 258 2928 provenere
277 2868 368 2925 parata
386 2872 490 2924 semper
508 2865 533 2914 et
551 2861 648 2912 intenta
667 2865 712 2914 est.
738 2861 900 2925 Quapropter
917 2863 989 2914 nullo
1008 2865 1125 2926 tempore
1144 2876 1158 2915 a
1177 2865 1222 2916 bei
1240 2865 1357 2930 veritate,

113 3023 166 3074 tem
185 3019 353 3070 aedificantes
375 3019 411 3069 ita
429 3017 623 3080 reprobaverint
648 3017 759 3080 lapidem
784 3018 854 3070 illum
874 3014 1045 3084 angularem,
1068 3018 1181 3084 illudque
1206 3023 1358 3078 snEodeiint

111 3105 317 3167 fundamentum,
337 3106 440 3168 praeter
460 3105 525 3168 quod
545 3105 612 3156 aliud
632 3117 730 3167 ponere
748 3115 825 3156 nemo
845 3108 939 3168 potest,
957 3105 1086 3158 Christum
1098 3107 1189 3159 lesum
1202 3110 1357 3163 salvatorem

112 3196 239 3254 nostrum,
257 3193 354 3244 lactum
373 3193 422 3253 est,
440 3193 466 3242 ut
485 3189 545 3242 ridel
563 3191 640 3242 ductu
658 3190 774 3242 destituti
787 3190 886 3254 sibique
899 3191 990 3256 relicti,
1010 3205 1040 3244 ea
1053 3193 1197 3247 intraxerint
1209 3196 1356 3259 opinionum

26 3291 27 3296 ¹
112 3281 139 3330 et
156 3279 392 3342 philosophicorum
410 3279 582 3339 systematum
613 3281 748 3341 monstra,
773 3278 919 3344 mytbisrnt,
944 3279 1127 3343 rationalismi,
1153 3281 1357 3336 indifferentisml

111 3367 216 3416 nomine
235 3364 382 3436 designata,
403 3375 468 3428 qnae
487 3363 513 3415 in
532 3375 611 3415 unam
629 3365 733 3416 demum
753 3365 929 3416 coalescentes
948 3378 1064 3419 errorum
1084 3368 1234 3433 congeriem
1252 3374 1356 3423 natura·

110 3449 215 3502 lismum
234 3450 377 3502 ediderunt.
414 3449 483 3510 Quae
503 3463 566 3502 sane
584 3450 735 3513 impiissima
755 3450 891 3512 doctrina,
911 3453 962 3504 ben
980 3452 1056 3505 nimis
1075 3455 1152 3506 bodie
1170 3455 1221 3508 late
1240 3459 1355 3523 vulgata,

113 3537 210 3597 utpode
227 3536 321 3588 natura
340 3549 387 3607 sua
405 3529 597 3599 supernaturali
615 3535 699 3588 ordini
718 3537 793 3600 plane
811 3543 947 3601 repugnat,
966 3540 1076 3592 adversa
1089 3539 1175 3594 ironte
1188 3544 1355 3597 christianam

112 3619 263 3682 religionem
283 3622 412 3688 adoritur;
430 3613 603 3686 submotoque
621 3623 735 3676 omniurn
755 3623 904 3689 conditore,
924 3626 1058 3678 salvatore
1078 3637 1109 3678 ac
1127 3628 1233 3681 Domino
1253 3631 1354 3685 cbristo

112 3707 146 3757 ab
165 3705 336 3759 humanarum
355 3721 442 3760 rernm
467 3707 643 3760 moderamine
672 3713 697 3760 et
715 3710 839 3773 imperio,
867 3713 1016 3772 mysterium
1043 3713 1183 3777 iniquitatis
1210 3716 1355 3769 novissimis

111 3793 317 3845 consumendum
336 3797 494 3858 temporibus
509 3796 563 3860 lam
581 3807 649 3846 nunc
668 3797 798 3860 complere
817 3801 933 3848 conatur.
956 3799 1087 3855 ,Mentibus
1099 3805 1185 3852 autern
1200 3803 1287 3866 potita,
1307 3815 1353 3866 pro

110 3882 184 3932 vario
204 3879 326 3944 cujusque
344 3881 446 3943 ingenio
466 3895 510 3934 eas
528 3884 555 3934 in
574 3882 738 3946 pantbeismi,
758 3883 951 3942 materialtsrni.
971 3887 1090 3937 atlreismi
1109 3887 1257 3940 barathrum
1275 3889 1354 3954 conli-

111 3966 163 4026 cit;
180 3966 314 4030 ipsamque
332 3967 484 4030 rationalem
503 3970 637 4022 initiatam
656 3973 772 4021 naturam
791 3970 903 4022 bominis
921 3982 1022 4023 omnem
1035 3972 1096 4036 justi
1109 3974 1222 4038 rectique
1235 3989 1353 4030 normam

111 4049 245 4113 subvertit,
264 4060 289 4106 et
306 4057 435 4108 hnmanae
454 4058 583 4110 societatis
601 4059 772 4110 fondamento
792 4059 874 4120 qnatit
892 4062 918 4109 ct
937 4059 1020 4111 diruit.

216 4138 311 4201 „impia
329 4155 392 4194 vero
417 4143 562 4204 huiusmodi
586 4147 660 4207 peste
684 4145 788 4207 impune
807 4151 960 4210 grassante,
986 4147 1042 4199 lieri
1061 4151 1103 4200 vix
1122 4149 1264 4216 potuisset,
1292 4151 1382 4218 quin*

110 4224 259 4288 complures
278 4226 352 4278 etiarn
372 4242 405 4280 ex
423 4231 549 4282 Ecclesiae
568 4231 627 4282 tiliis
645 4245 677 4284 ea
694 4245 747 4284 non
765 4231 949 4295 inicerentur,
968 4238 994 4284 et
1012 4235 1154 4287 catholicus
1172 4249 1282 4302 sensus,
1314 4240 1352 4291 di·

109 4311 214 4364 minutis
240 4310 335 4374 passim
360 4314 528 4381 veritatibus,
557 4329 609 4368 non
627 4319 815 4370 obliteraretur.
852 4319 881 4370 Et
900 4332 964 4372 sane
983 4320 1128 4374 tristissima
1144 4325 1255 4376 ostendit
1273 4335 1352 4389 expe·

108 4398 216 4462 rientia,
235 4399 330 4449 multos
349 4402 491 4462 peregrinis
510 4403 582 4456 bisce
601 4405 782 4469 nebulosisque
801 4407 923 4458 doctrinis
943 4407 1130 4460 circumventos
1154 4412 1180 4462 et
1198 4418 1287 4476 captos
1305 4425 1352 4467 na·

107 4487 194 4536 turam
213 4497 270 4536 curn
290 4486 375 4547 gratia
393 4488 524 4540 scientiam
543 4491 685 4542 humanam
705 4505 762 4543 cnm
781 4494 868 4544 divina
886 4492 936 4545 flde
954 4495 991 4545 sio
1010 4495 1193 4560 commiscere,
1221 4505 1299 4563 atque
1316 4499 1351 4553 ita

108 4577 260 4633 pervertere
278 4584 367 4624 verurn
386 4573 534 4632 dogmatum
553 4589 668 4642 sensum,
686 4591 761 4643 quenr
780 4585 850 4632 tenet
869 4586 895 4632 et
907 4581 982 4634 docet
995 4581 1114 4646 Ecclesia,
1133 4590 1160 4636 ut
1174 4584 1351 4650 integritatem

106 4655 336 4724 sinceritatemque
356 4659 416 4712 ndei
435 4661 468 4712 ad
487 4669 631 4718 extremum
650 4664 789 4718 adduxisse
808 4667 944 4722 discrimen
963 4672 1179 4735 comperiantur.“

161 4761 233 4802 aaran
246 4763 278 4802 rar
292 4763 444 4804 arcensarcens.
460 4763 521 4804 arur.
1103 4757 1144 4824 32
