3192 5008
252 279 254 283 '
295 303 515 368 nromungsrerer
532 303 579 355 nes
598 303 709 369 666666
723 304 834 371 666666.
852 305 877 358 6.
896 305 922 357 c
940 305 1000 358 nee.
1022 304 1089 359 rseo
1106 305 1200 358 haurn.
1304 283 1367 350 341

131 494 217 541 sacro
239 474 411 541 ministerio
433 475 538 542 abesse
560 494 621 541 nou
641 476 786 560 possunt,
815 477 939 544 strenue
968 475 1173 561 alacriterque
1202 476 1280 542 ferre
1313 492 1369 542 ua·

9 552 14 621 }
131 562 240 640 leatis;
271 562 388 628 animos
410 581 499 642 vero,
521 563 558 627 ut
580 562 763 639 caelestibus
785 563 907 628 auxiliis
928 557 1048 629 abunde
1070 563 1197 647 repleti,
1227 562 1369 628 sacerdo-

135 649 208 714 talis
230 649 313 714 vitae
343 648 489 733 exemplis
522 651 554 715 et
586 649 739 714 uirtutum
770 651 908 716 omnium
941 649 1100 734 splendore
1133 650 1166 715 in
1198 647 1368 716 Christiani

133 735 245 820 Gregis
278 735 411 801 salutern
439 735 658 819 praeluceatis.
718 736 821 820 Hujus
861 738 966 802 autem
999 735 1221 802 benedictionis
1253 735 1367 822 gratia.

132 822 235 887 Vobis
249 821 443 900 continenter,
464 821 555 899 adsit,
579 823 671 906 atque
694 823 835 889 omnibus
857 825 940 890 vitae
962 825 1083 890 uestrae
1105 823 1212 891 diebus
1234 824 1368 889 clemen·

134 910 183 974 ter
205 909 351 993 adspiret,
374 909 411 976 ut
433 909 498 974 dies
520 909 602 992 pleni
624 909 820 975 invenientur
841 910 874 976 in
896 911 1007 989 Vobis;
1032 909 1116 994 pleni
1137 909 1313 979 sanctitatis
1336 911 1369 976 et

128 995 289 1079 justitiae,
318 995 401 1080 pleni
423 997 599 1062 sauctorum
621 1015 747 1080 operum
769 997 939 1075 fructibus,
969 997 1002 1062 in
1031 997 1142 1081 quibus
1167 1016 1257 1064 uerae
1280 997 1368 1064 uobis

131 1081 259 1148 diuitiae
281 1083 313 1148 et
335 1083 434 1168 gloria
456 1083 639 1150 continetur.
684 1083 787 1167 Atque
807 1083 854 1150 ita
867 1084 965 1150 Nobis
987 1084 1146 1170 continget
1167 1083 1309 1162 feliciter,
1331 1085 1368 1152 nt

131 1169 251 1320 {pso
283 1169 423 1324 nepos
442 1170 714 1322 nltltlthf
733 1171 914 1324 chilleh-
928 1169 1367 1325 6111ῗέ691166θὲἒὲ

130 1275 337 1425 qddrededioclddn
357 1278 450 1409 6666Ρι
464 1343 558 1422 mihi,
582 1277 624 1408 gin
657 1343 782 1412 domurn
810 1306 935 1410 Domini
957 1345 1105 1423 ibimus;‹
1130 1346 1224 1428 atque
1246 1345 1367 1410 aditum

128 1429 354 1583 {fflgffire
376 1431 467 1515 plene
490 1431 678 1499 confidamus
700 1431 732 1496 in
755 1430 893 1526 Mentem
915 1430 1064 1498 Sanctum
1086 1431 1168 1514 Sion,
1196 1431 1366 1500 Caelestem

232 1692 291 1744 11111.
327 1691 371 1744 hie
396 1691 554 1744 birchlichen
581 1689 792 1757 16666666666-66
821 1691 863 1744 hel
891 1692 937 1746 der
955 1693 1096 1757 sronnung
1123 1694 1168 1746 des
1187 1693 1288 1748 coneus
1307 1675 1366 1748 vern

130 1781 154 1832 6.
173 1779 316 1831 December
336 1777 411 1842 1869,
430 1779 470 1831 616
489 1779 514 1830 16
533 1778 668 1831 66666666
687 1777 770 1830 Weiss
790 1778 831 1830 bel
849 1779 898 1832 den
916 1781 1036 1843 sperares
1049 1775 1213 1834 6666666666
1226 1782 1365 1845 66666666

130 1865 334 1929 666666666666,
352 1865 498 1920 6666666166
515 1865 587 1918 66666
605 1869 651 1928 gut
668 1865 715 1916 dus
733 1862 924 1919 6166666666
933 1863 1162 1920 Ρ666666161666
1177 1867 1253 1932 1666,
1266 1868 1308 1922 Nr.
1324 1869 1366 1922 50.

130 1951 463 2014 (6661666161666661666
490 1952 578 2016 brings
603 1953 670 2005 auch
696 1949 816 2018 Buccis,
845 1947 1000 2006 1166666166
1026 1954 1140 2010 scientes
1158 1955 1365 2022 ecclesiasthues

130 2039 517 2102 666.-116161869,6.5666.
554 2039 624 2091 6666
651 2039 691 2092 die
717 2039 844 2092 romische
874 2037 988 2094 0666666
1015 2039 1164 2096 6666616666
1190 2044 1288 2096 emhilt
1315 2043 1365 2098 den
1417 2088 1423 2100 .

130 2125 193 2177 Text
212 2126 257 2178 der
274 2125 477 2178 verschiedenen
496 2125 680 2188 Aktensthcke,
700 2125 836 2180 1666161666
850 2127 902 2178 666
920 2127 1007 2190 66666
1022 2127 1366 2191 66616166161661166166666

129 2211 344 2276 Uebersetuuug.)
380 2212 425 2264 hie
442 2211 603 2276 Festpredigt
622 2211 685 2264 61616
702 2213 749 2264 666
766 2215 843 2266 unter
860 2215 918 2266 dem
940 2213 1021 2266 Padre
1044 2215 1117 2278 Luigi
1139 2217 1172 2268 66
1195 2217 1288 2272 Tremo
1312 2218 1365 2270 und

130 2299 211 2350 durch
238 2301 310 2354 scine
337 2300 546 2362 hervorrugende
573 2299 778 2352 beredtsumleit
804 2301 935 2353 66666616
961 2302 1037 2366 11666.
1057 2299 1221 2356 Paeavalte'
1239 2315 1286 2358 aus
1306 2304 1365 2356 dem

129 2385 366 2452 capuzlnerordeu,
388 2385 496 2440 Rischof
522 2397 573 2440 uon
593 2385 707 2440 leonium
729 2385 755 2438 in
780 2386 894 2450 partibus
915 2387 1056 2442 1666616666
1080 2390 1132 2442 666
1157 2390 1230 2444 vicar
1261 2403 1295 2444 sn
1317 2391 1365 2446 der

128 2474 165 2524 St.
183 2472 368 2526 Petershirche.
403 2473 435 2526 Er
453 2474 545 2538 spruch
574 2471 638 2525 6666
664 2474 714 2526 666
741 2474 818 2526 lert:
846 2475 939 2528 Euutes
964 2476 1036 2530 ibunt
1062 2481 1088 2530 66
1111 2476 1208 2530 flebant
1234 2477 1365 2535 mittentes

128 2559 228 2612 semina
246 2571 308 2626 sua;
326 2559 459 2612 venientes
476 2562 563 2614 autem
580 2560 684 2612 sentent
708 2571 766 2612 cunr
790 2560 948 2614 exultatione
973 2565 1108 2626 ponentes
1132 2565 1278 2628 6666166166
1296 2575 1365 2618 suos.

130 2646 197 2706 (1166
215 2647 342 2700 Wortluut
359 2647 465 2698 6666666
483 2647 524 2698 die
543 2645 631 2700 cirilli
650 2645 768 2698 66661166
792 2646 846 2698 666
869 2647 910 2699 616
935 2633 1058 2702 Crener
1082 2649 1364 2705 fursterzblschohiehe

127 2733 398 2800 Discessu-currente
418 2732 494 2796 1676,
513 2732 556 2786 Nr.
576 2733 614 2796 1.)
648 2732 681 2784 Es
700 2743 755 2786 war
774 2731 867 2788 6666166
885 2737 901 2787 2
921 2735 972 2786 Chr
988 2734 1173 2802 6666616666,
1188 2738 1227 2790 als
1245 2738 1292 2792 der
1311 2740 1365 2793 661·

126 2819 179 2882 lige
198 2821 275 2872 later
291 2821 332 2872 616
351 2819 503 2884 6166666666
521 2820 664 2884 1666116666
683 2820 728 2872 des
748 2819 848 2874 concils
865 2821 1001 2874 66666666.
1036 2821 1069 2880 116
1086 2823 1150 2878 61616
1172 2823 1364 2889 666666166666

67 2911 76 2920 “
127 2905 282 2960 bllccutiou:
395 2951 400 2962 ,

126 3005 284 3072 Allocutio
321 3007 430 3075 bobilo
465 3009 500 3074 iu
546 3009 700 3076 Vaticano
739 3009 888 3078 Basilica
924 3031 1017 3080 cocco
1056 3015 1247 3084 oecumenico
1282 3016 1364 3084 Con·

127 3107 201 3174 cilio
230 3109 413 3178 Incboondo
444 3133 465 3178 o
494 3111 601 3180 SCenc.
631 3113 769 3180 Domino
798 3115 916 3182 Nostro
942 3115 1003 3184 Pio
1032 3118 1142 3187 divino
1161 3122 1364 3204 persuadentis

125 3209 191 3277 PP.
214 3213 279 3280 IX.
302 3216 353 3282 die
375 3221 407 3282 8.
430 3215 613 3284 Decembris
635 3239 717 3285 corno
739 3223 826 3285 1869
849 3219 892 3286 od
912 3219 1088 3306 Episcopus
1111 3225 1255 3294 catholici
1276 3227 1362 3294 orbis

346 3347 348 3353 v
456 3322 491 3387 in
511 3322 594 3388 idem
617 3321 793 3390 Concilium
815 3322 1033 3410 Conprepotcs.

228 3437 427 3506 venerabiles
449 3442 582 3510 Fratres.
629 3443 716 3526 Quod
738 3443 817 3510 votis
848 3446 989 3513 omuibus
1012 3466 1048 3514 ao
1074 3449 1215 3534 precibus
1236 3451 1275 3516 ab
1297 3451 1363 3518 Deo
1465 3511 1470 3518 .

124 3522 319 3607 petebamus,
352 3529 389 3593 ut
422 3527 661 3596 Cacumenicnm
681 3530 851 3601 Concilium
876 3553 894 3598 a
916 3534 1014 3601 Nobis
1035 3534 1188 3603 indictum
1221 3539 1361 3605 concele-

124 3611 216 3674 brare
237 3630 411 3694 possemus,
433 3614 475 3697 id,
498 3617 615 3702 insigni
637 3636 672 3683 ac
695 3618 846 3704 singulari
867 3620 926 3686 Dei
947 3621 1044 3706 ipsius
1067 3623 1231 3704 beneficio,
1254 3624 1362 3692 datum

124 3696 223 3762 Nobis
255 3717 322 3765 esse
353 3720 544 3786 summopere
576 3705 739 3770 laetamur.
782 3707 892 3791 Itaque
925 3709 1044 3774 exultat
1077 3727 1128 3775 cor
1149 3709 1298 3778 Nostrum
1329 3714 1362 3778 in

124 3783 257 3851 Domino
281 3788 312 3851 et
334 3787 509 3856 incredibili
531 3792 737 3857 consolatione
759 3793 968 3876 perfunditur,
1002 3796 1083 3880 quod
1116 3797 1362 3882 auspicatissimo

124 3869 183 3935 hoe
218 3873 267 3938 die
302 3874 526 3942 Immaculatae
559 3877 618 3942 Ilei
632 3877 812 3948 ,Cenitricis
841 3879 993 3969 virginis
1012 3883 1131 3950 Mariae
1165 3883 1362 3970 Conceptioni

62 3987 65 3994 ·
125 3975 221 4040 sacro,
240 3959 315 4042 Vos,
340 3961 392 4046 qui
412 3961 446 4028 in
466 3965 588 4047 partem
610 3965 827 4032 sollicitudinis
849 3967 982 4034 Nostrae
1004 3971 1105 4036 vocati
1128 3971 1220 4052 estis,
1246 3973 1362 4040 iterum

124 4045 234 4126 majmi
258 4066 350 4129 quam
373 4050 451 4116 alias
473 4051 655 4136 frequentia,
680 4051 713 4116 in
736 4053 795 4118 hac
817 4054 986 4121 catholicae
1001 4055 1173 4142 Religionis
1188 4077 1258 4124 aros
1272 4075 1362 4143 prae·

128 4134 230 4197 sentes
252 4133 418 4216 intuemur,
441 4140 627 4223 aspectuque
650 4139 761 4206 Vestro
782 4139 970 4225 perfruimur
988 4143 1222 4228 jucundissimo.

228 4219 289 4286 Vos
312 4223 416 4288 autern
439 4244 536 4306 nunc,
559 4225 757 4292 Venerabiles
779 4229 906 4308 1666666,
939 4229 973 4294 in
1005 4231 1128 4298 nomine
1151 4229 1268 4298 Christi
1289 4251 1362 4298 cou-
1402 4299 1403 4302 ,

124 4307 396 4392 gregatifflatth.
422 4312 482 4392 18,
506 4312 727 4398 hebetastis,
761 4316 797 4381 ut
831 4315 1000 4381 Nobiscum
1021 4317 1233 4384 testimoninm
1256 4320 1361 4404 perbi-

123 4393 225 4458 beatis
246 4393 348 4462 Verbo
369 4397 429 4462 Dei
452 4401 484 4464 66
504 4399 718 4466 testimonium
739 4400 817 4466 lesu
840 4400 956 4467 Christi
971 4403 1079 4488 (Apoc.
1098 4407 1127 4485 l,
1143 4405 1196 4492 2.),
1218 4405 1361 4491 viamque
1446 4409 1452 4426 ’

123 4477 184 4544 Dei
205 4480 238 4545 in
259 4482 390 4548 ueritate
413 4487 517 4552 dmnes
546 4487 684 4550 homiues
706 4487 875 4554 Nobiscum
898 4489 1032 4555 doceatis
1058 4491 1186 4577 (Matth.
1208 4495 1260 4572 22,
1286 4496 1361 4581 16),

124 4567 157 4630 et
179 4566 216 4632 de
237 4569 479 4652 oppositionibus
497 4573 571 4638 falsi
593 4571 724 4640 nominis
753 4575 900 4642 scientiae
922 4577 966 4660 (1.
990 4575 1069 4647 Tim.
1095 4581 1126 4658 6,
1149 4579 1225 4665 20.),
1248 4581 1362 4650 Nobis·

124 4671 195 4718 cum
216 4652 333 4739 Spiritu
355 4657 468 4725 Sancto
491 4660 568 4725 duee
587 4658 735 4740 judicetis
763 4661 856 4746 (6666
871 4662 978 4747 Apost.
1003 4666 1053 4746 15,
1079 4665 1154 4749 19.)
