3160 5010
165 317 169 327 ’
280 313 411 378 Responsa
431 325 471 378 ep.
490 313 616 375 Spirensis
635 314 668 367 acl
687 315 795 378 quaesit.
814 285 914 366 n'Serle
929 315 973 378 hp.
993 325 1096 381 propos.
1116 311 1221 378 (1888.)
1307 296 1370 364 455

123 489 208 556 tales
230 487 397 555 latinorum
421 484 606 568 scriptorum
629 484 778 552 editiones
802 485 953 552 elaborari
975 487 1129 566 currarent,
1154 489 1190 552 ut
1204 487 1374 552 latinarum

121 593 289 660 literarum
322 589 462 656 studium
496 590 605 674 majori
637 589 740 656 fructu
772 592 805 656 et
837 590 903 656 sine
941 589 1098 674 praedicto
1134 591 1207 657 fidei
1239 592 1393 676 periculo.

124 698 188 766 coli
210 697 322 782 posset.

231 799 320 882 Quod
342 801 382 866 ad
405 785 616 884 philosophiae
639 799 778 865 studium
800 799 953 886 pertinet,
982 798 1131 883 episcopis
1157 799 1240 866 haud
1264 800 1375 867 minori

122 925 218 972 curae
241 924 306 971 esse
329 904 430 983 debet,
454 905 527 970 ute
550 903 760 994 sacerdotibus
784 903 877 988 hujus
907 903 1054 970 scientiae
1087 905 1226 971 docteres
1252 906 1284 969 et
1306 925 1374 970 ma*

123 1011 243 1098 gistros
266 1009 385 1094 eligant
407 1011 500 1092 etque
522 1007 676 1092 aliquibus
699 1027 735 1074 er
756 1007 803 1072 his
827 1007 993 1086 mandent,
1016 1009 1053 1073 ut
1075 1000 1179 1090 libros,
1208 1009 1240 1074 in
1263 1010 1375 1094 quibus

122 1134 221 1182 sanae
254 1113 463 1198 philosophiae
497 1111 677 1196 disciplinae
711 1111 891 1191 tradantur,
926 1113 1085 1178 elaborent
1108 1132 1144 1178 ac
1159 1109 1373 1180 conscribant.

124 1222 264 1288 Juvenes
287 1219 346 1284 tali
366 1219 528 1284 literarum
550 1219 720 1284 latinarum
742 1218 846 1284 studio
868 1220 899 1284 et
922 1217 1133 1284 fundamentis
1149 1220 1296 1285 scientiae
1319 1239 1372 1286 ca-

123 1324 263 1392 tholicae
282 1323 349 1408 jam
371 1321 486 1388 initiati
511 1321 622 1406 majori
644 1323 708 1388 zelo
731 1321 870 1388 studium
894 1322 1068 1407 theologiae
1092 1325 1124 1388 et
1135 1322 1215 1406 juris
1234 1323 1373 1390 canonici

124 1427 272 1494 odibunt.
318 1425 463 1492 Studium
497 1425 671 1510 theologiae
704 1425 736 1490 in
759 1424 925 1490 Germania
954 1445 1014 1494 non
1047 1426 1243 1494 mediocriter
1266 1427 1374 1493 multis

124 1534 158 1598 iu
184 1531 299 1598 scholis
321 1530 420 1607 floret,
444 1529 498 1596 seu
521 1529 648 1595 dubium
671 1548 732 1594 non
755 1531 820 1608 est,
844 1530 919 1613 quin
941 1530 1055 1596 scholis
1079 1549 1166 1597 mere
1185 1531 1374 1597 ecclesiasti·

126 1637 173 1702 cis
197 1635 299 1720 magis
320 1635 541 1718 proventurum
564 1635 654 1712 esset,
677 1653 771 1718 quam
794 1635 826 1700 in
849 1635 899 1712 iis,
923 1653 1001 1718 quae
1023 1635 1173 1720 gubernio
1190 1635 1275 1701 civili
1298 1635 1373 1702 sub·

126 1742 215 1806 ditae
235 1740 317 1806 suut.
362 1737 449 1820 Quod
471 1739 504 1802 in
526 1737 625 1822 specie
648 1737 757 1822 adjus
781 1737 962 1804 canonicum
984 1740 1128 1822 pertinet,
1157 1740 1206 1804 vir
1229 1739 1374 1822 possibile

125 1847 187 1925 est,
209 1845 245 1909 ut
266 1844 299 1908 in
321 1843 433 1908 scholis
457 1863 475 1908 a
497 1841 647 1927 gubernio
671 1841 756 1908 cirili
778 1843 963 1908 sustentetis
992 1844 1058 1928 ejus
1085 1843 1222 1910 studium
1244 1863 1375 1928 proran-

125 1955 236 2017 turum
258 1949 316 2027 sit‚
341 1968 411 2014 cum
433 1947 525 2032 hujus
549 1946 709 2032 gubernii‚
733 1949 769 2012 ut
791 1967 871 2013 nnnc
894 1949 1017 2032 tempus
1039 1951 1096 2027 est,
1120 1947 1251 2014 maxime
1277 1949 1374 2014 iuter·

126 2055 188 2132 sit,
224 2053 261 2116 ut
293 2052 369 2118 haec
391 2051 521 2117 scientia
543 2050 601 2116 tali
623 2050 715 2116 modo
738 2051 769 2116 et
790 2051 829 2117 ab
851 2051 890 2117 iis
923 2053 1092 2130 tractetur,
1120 2052 1173 2136 qui
1199 2053 1251 2137 jus
1275 2053 1373 2144 euolog

125 2157 291 2224 siasticum
323 2175 384 2222 non
419 2175 455 2221 ea
478 2155 666 2222 auctoritate
689 2157 720 2221 et
755 2155 910 2240 dignitate
943 2157 1097 2234 tractant,
1132 2157 1168 2222 ut
1197 2157 1372 2224 auditorum

126 2261 250 2327 animos
271 2259 363 2342 hujus
385 2259 481 2324 studii
504 2277 609 2324 aurore
629 2259 833 2324 inflamment.

220 2363 382 2445 *Quaestio
410 2363 508 2428 VIII.
553 2363 578 2430 Ι.
602 2355 803 2448 Designanda
828 2365 902 2430 sunt
931 2365 969 2430 ab
994 2367 1135 2451 episcopo
1157 2365 1276 2432 clericis
1298 2385 1370 2450 pro·

9 2539 10 2542 ,
127 2471 206 2536 beta
239 2467 418 2551 compendia
451 2487 505 2551 pro
537 2469 670 2554 singulis
692 2468 878 2554 theologicis
901 2469 1092 2553 disciplinis,
1127 2469 1295 2554 exquibus
1318 2489 1373 2553 pre

127 2591 312 2655 unoquoque
334 2589 413 2637 anno
436 2571 541 2656 aliqua
563 2590 634 2655 pars
656 2572 805 2638 materiae
820 2573 950 2639 modieis
965 2573 1199 2658 circumscripta
1213 2573 1373 2639 liminibus

128 2677 169 2742 ad
193 2675 332 2740 studium
354 2674 486 2760 diligens
508 2677 706 2759 proponatur,
730 2677 777 2742 ite
800 2678 835 2742 nt
858 2677 990 2743 decursu
1011 2679 1031 2742 4
1054 2678 1118 2743 fere
1140 2697 1290 2756 armorum
1305 2679 1373 2743 tota

103 2780 309 2862 ¹absolvatur
337 2778 479 2846 materia.
531 2779 568 2844 In
596 2779 787 2844 examinibus
818 2799 871 2864 pro
899 2781 1119 2864 approbatione
1141 2781 1181 2846 ad
1204 2779 1373 2848 audiendas
1456 2792 1478 2860 ᾖ
1569 2767 1570 2770 “

129 2884 334 2951 confessiones
349 2881 548 2950 instituendis
563 2883 736 2950 ordinarius
752 2885 865 2950 certior
880 2885 947 2950 fieri
963 2885 1086 2968 poterit,
1109 2888 1213 2950 utrum
1230 2885 1373 2952 advocati

130 2987 235 3052 elerici
256 2990 374 3053 muneri
398 2988 604 3054 satisfecerint
628 3008 731 3056 neone.
825 2976 828 2980 ’
1151 3009 1152 3014 ’

235 3092 275 3156 Π.
321 3091 491 3172 Quotannis
514 3094 553 3159 ab
576 3093 738 3159 Ordiuario
762 3113 797 3159 ex
820 3094 991 3178 disciplinis
1012 3093 1107 3160 sacris
1121 3091 1319 3178 speculativis
1341 3087 1373 3158 et

129 3195 276 3278 practicis
297 3195 491 3280 quaestiones
514 3197 635 3280 aliquae
663 3199 736 3262 sunt
764 3197 976 3282 proponendae
1000 3215 1019 3262 a
1042 3196 1167 3264 clericis,
1191 3190 1372 3280 praesertim

131 3299 249 3364 curatis
280 3297 490 3364 discutiendae
521 3299 554 3364 in
581 3299 704 3384 scriptis
734 3300 935 3384 abepiscopo
962 3300 1105 3386 diligenti
1128 3319 1276 3367 censurae
1298 3301 1373 3366 snb·

127 3400 282 3484 jiciendls
1014 3400 1016 3406 ’
1241 3415 1245 3420 “

117 3503 122 3508 ’
234 3507 290 3572 ΙΙΙ.
336 3506 372 3572 Iu
394 3507 526 3592 singulis
549 3506 694 3591 capitulis
717 3507 871 3574 ruralibus
894 3508 1008 3574 decano
1031 3508 1225 3592 praesidente
1239 3509 1304 3576 bini
1321 3530 1374 3595 per

131 3628 246 3675 annum
274 3611 454 3676 clericorum
482 3615 666 3691 conventus,
696 3611 751 3698 qui
780 3612 925 3680 dicuntur
955 3613 1163 3687 conferentiae
1193 3613 1372 3698 pastorales,

130 3715 282 3800 cogantur
310 3713 350 3779 nd
380 3715 615 3800 colloquendum
642 3717 679 3782 de
710 3717 766 3796 iis,
794 3735 873 3802 quae
903 3717 1020 3802 singuli
1050 3717 1082 3783 iu
1105 3719 1279 3784 animarum
1302 3739 1376 3784 cure

130 3819 247 3904 experti
280 3820 372 3898 sunt,
412 3819 452 3884 ad
490 3821 690 3904 quaestiones
734 3821 926 3888 incurrentes
964 3822 1174 3889 discutiendas
1218 3825 1250 3889 et
1283 3824 1377 3890 dubia

130 3923 286 3990 solvenda.
508 3936 513 3940 ·
1279 3985 1280 3988 ,

234 4027 287 4094 IV.
333 4027 521 4094 Excitaudae
544 4030 576 4094 et
598 4029 745 4095 fovendae
761 4030 835 4096 sunt
850 4031 1071 4098 associationes
1087 4031 1280 4111 clericorum,
1298 4052 1376 4118 quae
1432 4085 1434 4089 .

130 4128 249 4212 aliquos
271 4131 394 4198 libellos
416 4134 588 4200 menstruos
610 4134 666 4200 aut
688 4134 915 4218 ephemerides,
942 4135 977 4203 iu
1008 4136 1120 4220 quibus
1150 4157 1204 4215 ea,
1235 4156 1315 4220 quae
1337 4137 1376 4201 ad

131 4233 321 4319 theologicas
350 4235 457 4303 literas
480 4241 535 4304 aut
557 4257 663 4305 curam
693 4240 879 4322 pastoralem
902 4242 1059 4326 spectant,
1089 4242 1266 4307 tractantur
1279 4241 1376 4306 ‘certo

131 4336 234 4422 aliquo
256 4337 362 4406 ordine
384 4340 423 4406 ad
446 4342 571 4427 singula
592 4342 733 4408 membra
755 4343 885 4410 circuire
908 4346 1035 4412 iaciant.

233 4443 318 4525 Quae
341 4443 444 4512 media
464 4445 609 4532 vigilanti
632 4447 717 4512 coria
746 4447 888 4514 adhibita
909 4449 1051 4516 sufficere
1080 4450 1209 4533 possunt
1232 4448 1271 4513 ad
1294 4448 1376 4513 erci-

129 4545 239 4614 tandos
274 4548 419 4627 elericos,
451 4551 488 4614 nt
511 4569 634 4618 emenso
657 4550 832 4618 scholarum
855 4554 1025 4634 curriculo,
1061 4552 1173 4618 studiis
1207 4551 1376 4637 impensius

131 4670 240 4719 uacare
263 4673 323 4720 uon
346 4652 509 4723 desistant,
