3160 5010
387 347 519 417 Responsa
538 348 617 418 prlar.
636 345 706 424 areli.
727 345 941 403 wratislaviensis
959 341 996 415 (a.
1017 343 1105 412 1868.)
1304 329 1366 399 463

128 523 181 588 tur
203 539 222 587 a
245 521 465 589 commissione
486 521 623 587 virorum
646 519 922 586 ecclesiasticorum
946 539 1000 603 per
1027 539 1077 586 me
1105 521 1268 603 quotannis
1298 543 1367 608 spe·

129 625 250 692 cialiter
272 623 414 710 deputari
438 624 539 691 solita.
585 621 789 708 Caeteroquin
812 643 850 688 ne
878 621 1085 689 adolescentes
1114 625 1216 708 pravis
1245 646 1367 710 perrer-

128 728 207 796 sisre
245 728 395 796 doctrinis
436 729 632 808 imbuantur,
669 727 839 814 periculum
883 727 986 807 abest,
1020 729 1171 812 quatenus
1202 730 1255 816 jus
1290 731 1367 799 milri

129 833 278 919 compet't
308 835 516 914 Professores,
545 835 571 898 si
602 852 712 900 causae
742 833 847 900 adsint
875 832 1035 918 legitimae
1058 833 1202 901 missione
1224 835 1367 921 privandi

128 939 274 1006 canonica
307 957 363 1006 nec
395 959 457 1008 non
490 937 707 1018 studentibus,
740 938 904 1024 quominus
932 935 1045 1004 scholia
1075 957 1225 1005 venenum
1257 940 1367 1008 erroris

128 1044 360 1130 propinantibus
382 1043 539 1123 intersint,
560 1041 696 1110 vetandi.

234 1149 289 1216 Ad
327 1149 424 1218 VIII.
471 1149 503 1216 si
527 1149 581 1234 qui
604 1165 727 1214 emenso
750 1146 922 1214 studiorum
938 1147 1190 1234 obligatoriorum
1215 1150 1367 1218 curriculo

129 1252 167 1318 ad
192 1269 354 1338 sacrosque
377 1255 499 1322 ordines
522 1253 655 1338 promoti
677 1253 766 1318 sudio
789 1251 941 1318 seconcia
965 1253 1145 1319 continuare
1167 1255 1305 1339 eupiunt,
1328 1257 1367 1323 iis

128 1358 309 1442 praesertim
325 1357 900 1444 SeminariatheologicnUuiversitati
927 1355 1366 1442 incorporatasuntadeunda,

128 1461 191 1527 nbi
203 1462 339 1546 penitius
361 1463 393 1529 in
406 1463 580 1530 divinarum
602 1463 837 1547 scripturarum.
854 1462 1002 1527 historiae
1018 1461 1258 1544 ecclesiasticae,
1271 1463 1367 1530 Sanc·

128 1569 231 1632 torum
261 1568 386 1652 patrum
417 1569 448 1634 ct
476 1568 678 1654 Dogmnticcs
708 1566 916 1652 speculativae
942 1565 1072 1632 scientia
1106 1569 1294 1662 excolantur,
1328 1572 1367 1636 ad

129 1671 270 1737 examina
291 1673 431 1758 rigorose
452 1671 576 1738 laureae
600 1671 750 1738 doctorali
771 1670 896 1754 praevia
917 1689 950 1735 se
964 1675 1148 1754 praeparent
1171 1675 1201 1738 el
1222 1693 1290 1740 cam
1306 1677 1366 1741 sibi

128 1776 290 1860 acquirant
311 1775 441 1842 solidam
464 1775 678 1855 eruditionem,
701 1773 825 1859 quaed
849 1793 959 1840 mranns
983 1775 1194 1843 academicum
1216 1796 1271 1844 suo
1288 1780 1368 1846 tcm-
1443 1792 1445 1796 ’

126 1899 198 1965 pore
220 1879 447 1964 suscipiendum
469 1880 548 1946 liant
568 1879 680 1947 idonei.

229 1984 274 2050 At
304 2004 375 2050 vcro
404 1985 606 2052 Sacerdotum
635 2004 755 2070 quoque
782 1985 816 2051 iu
846 1984 1017 2050 animarum
1049 2005 1122 2052 carra
1151 1993 1367 2074 occupatorum

128 2087 233 2154 siradio
253 2108 410 2173 nunquam
433 2089 620 2154 dormiscant
642 2108 765 2155 necesse
782 2091 838 2167 est,
862 2089 974 2172 quippe
996 2090 1058 2172 qui,
1082 2091 1142 2156 nisi
1161 2113 1263 2160 rerum
1280 2097 1367 2164 theo-

127 2193 301 2278 logicorum
332 2192 541 2278 coguitionem
571 2196 604 2259 et
630 2193 803 2259 doctrinam
834 2192 966 2276 amplius
989 2194 1093 2260 colant
1122 2197 1154 2261 et
1175 2197 1366 2286 locupletent

129 2317 185 2363 nco
219 2297 321 2383 legem
354 2297 490 2363 diuinam
525 2297 722 2382 interpretari
757 2295 974 2362 catechizando
1009 2299 1041 2363 et
1082 2301 1286 2382 praedicando
1328 2307 1367 2372 ad
1400 2367 1401 2372 ,

128 2402 310 2488 frugiferam
324 2401 569 2468 aedificationem
584 2421 640 2467 nec
659 2401 793 2467 officium
813 2399 990 2467 confessarii
1002 2399 1182 2469 salutariter
1198 2406 1367 2492 adimplere

128 2507 254 2588 queant.
299 2505 402 2590 Igitur
434 2505 629 2589 presbyteros
664 2505 856 2570 dioecesanos
890 2521 962 2570 uoce
994 2505 1026 2570 et
1058 2505 1182 2590 scriptis
1204 2511 1366 2579 adhortari

128 2627 294 2688 noricesso,
317 2611 354 2674 ut
375 2627 480 2674 sacrae
503 2609 673 2693 scripturae
687 2628 810 2693 operam
823 2608 907 2687 dent,
938 2607 1102 2692 Spatium
1121 2611 1367 2685 elucubrationes

130 2713 366 2798 diligentissime
388 2713 578 2796 persolvant,
597 2732 751 2778 ‘carnonam
775 2711 1053 2778 ecclesiasticorum
1071 2716 1214 2783 notitiam
1231 2716 1368 2805 augeant

129 2819 170 2898 et,
205 2837 243 2882 ue
276 2818 308 2882 in
343 2817 502 2883 laevissimi
535 2817 682 2902 temperis
714 2817 894 2882 litteratura
928 2816 966 2880 ad
997 2817 1185 2904 theologiam
1208 2827 1367 2906 spectante

129 2921 265 3005 hospites
290 2921 363 3001 sint,
387 2922 615 3006 aliquantulum
639 2922 803 3006 quotannis
819 2920 966 3006 pecuniae
983 2921 1131 2990 ad'libros
1148 2931 1367 3010 consparandos

131 3025 268 3110 erogent,
292 3027 446 3109 simulque
469 3027 609 3092 societati
633 3026 804 3092 litterariae
827 3025 859 3090 in
889 3026 1021 3110 singulis
1050 3027 1369 3117 Arclriprcsbyterati·
1413 3077 1416 3082 -

130 3132 188 3196 bus
211 3129 387 3196 condendae
413 3131 605 3213 provideant.
651 3131 746 3196 Porro
776 3131 815 3194 ad
849 3131 1057 3197 laetissimum
1087 3135 1249 3216 pastoralis
1276 3159 1368 3207 curae

131 3253 325 3321 progressum
348 3253 493 3319 magnam
509 3233 657 3318 praebent
671 3233 852 3313 utilitatem,
876 3254 954 3318 quae
969 3237 1132 3319 quotannis
1147 3238 1231 3304 intra
1246 3245 1368 3328 tempus

132 3339 276 3422 paschale
299 3339 331 3403 ic
355 3339 497 3430 omnibus
520 3339 729 3404 Decernatibus
752 3341 887 3424 aguntur
910 3340 1115 3406 coul‘erentiac
1144 3343 1208 3408 siue
1238 3365 1367 3414 conven-

131 3447 193 3520 tus,
216 3443 269 3508 ubi
293 3443 424 3508 materia
447 3443 485 3508 nd
509 3441 737 3510 discutiendum
761 3443 934 3526 adaequata
957 3445 1136 3528 preponitur
1159 3448 1247 3514 vela
1276 3451 1367 3518 tbeo-

130 3547 213 3632 logia
235 3546 408 3612 theoretica
435 3547 525 3613 uela
552 3546 699 3632 pastorali
730 3563 788 3612 usu
809 3547 969 3632 eligenda,
999 3549 1231 3616 dissertationes
1254 3556 1368 3640 scripto

130 3653 275 3717 exaratae
297 3651 529 3736 praeleguntur,
552 3672 631 3738 quae
655 3649 769 3737 singuli
792 3652 822 3718 in
844 3671 920 3718 cura
950 3653 1121 3720 animarum
1150 3660 1266 3742 experti
1296 3664 1369 3730 sunt

131 3754 352 3834 irremorabiiia,
376 3753 408 3818 in
431 3773 624 3822 conrmuuem
648 3741 792 3821 notitiam
815 3755 1012 3838 proveniant,
1043 3777 1078 3823 ac
1108 3760 1247 3829 internae
1274 3765 1368 3832 etiarn

130 3858 328 3924 sacerdotalis
353 3859 433 3925 ritae
457 3859 693 3926 necessitatibus
710 3861 890 3927 consulitur.
939 3863 1102 3928 Praeterea
1114 3864 1253 3947 juniores
1268 3888 1369 3936 sacer·

130 3963 228 4041 dotes,
250 3965 362 4048 quibus
381 3963 558 4047 iurisdictio
582 3966 706 4030 tantrnn
730 3964 769 4030 ad
792 3967 914 4049 tempus
937 3967 1114 4033 conceditur
1136 3989 1193 4053 pro
1208 3971 1369 4040 erudiendis

131 4064 369 4133 confessionibus
392 4088 452 4134 rron
475 4070 692 4152 approbantur,
716 4069 777 4133 nisi
800 4071 920 4136 iteratis
936 4071 1204 4142 vicilurserarnina
1220 4079 1368 4156 subeant;

131 4169 258 4252 ideoque
292 4173 327 4235 ut
360 4173 547 4255 praestanda
579 4176 751 4257 praestent,
786 4173 890 4238 studia
924 4175 1097 4262 theologica
1130 4180 1369 4265 floccipendere

130 4293 254 4360 prorsus
277 4294 336 4340 nou
358 4279 495 4360 possunt.
541 4277 680 4362 Denique
705 4277 836 4363 singulis
859 4279 947 4345 aleriis
969 4282 1164 4362 quaestiones
1186 4285 1252 4350 tam
1268 4285 1369 4352 homi·
1412 4335 1414 4345 .

130 4379 241 4444 leticac
274 4399 367 4464 quam
401 4383 610 4450 catecheticae
644 4383 913 4467 parvimentum
946 4403 1047 4450 meum
1079 4386 1125 4452 ita
1148 4390 1367 4472 proponuntur,

129 4486 166 4548 ut
189 4483 240 4566 qui
262 4485 437 4552 sacerdotes
459 4485 492 4550 in
515 4507 639 4561 arenam
656 4486 847 4553 descendunt
869 4488 900 4552 ct
915 4487 1049 4554 victores
1064 4489 1217 4575 prodeunt
1232 4493 1370 4576 praemio

130 4590 254 4674 propter
276 4589 397 4656 oblatas
420 4589 669 4658 elucubrationes
692 4588 851 4658 donentur.

232 4694 287 4764 Ad
320 4691 387 4766 IX.
433 4695 614 4767 sanctiones
636 4701 799 4770 canonicae
815 4700 853 4767 do
869 4699 962 4770 titulo
978 4698 1181 4770 collocationis
1197 4701 1229 4770 in
1241 4698 1374 4770 dioecesi

1131 4797 1147 4826 ἢ
