3192 5008
233 270 298 338 344
362 285 487 360 lesing,
504 291 594 356 liter,
613 289 742 342 sclmtten
761 289 812 342 und
830 287 959 344 wlnsclre
976 301 1035 343 zum
1053 291 1170 343 acumen.
1188 288 1282 344 coucl.
1301 283 1358 353 (ll.)

234 461 354 547 praefer
387 461 544 530 mentibus
564 459 704 538 Nostris,
726 461 763 524 nt
785 479 821 525 ea
843 479 922 544 quae
954 460 1055 538 recia,
1087 477 1166 543 quae
1198 457 1362 536 salutaris,
1394 475 1475 540 quae

234 549 354 633 optima
376 551 450 615 sunt
469 547 643 624 rideamus3
677 546 769 612 corda
789 566 877 631 rege,
911 548 992 626 lore,
1026 547 1140 631 dirige,
1169 548 1206 611 ut
1228 545 1321 629 hujus
1343 544 1477 610 Concilii

237 637 375 736 actiones
407 636 468 702 rite
500 635 701 713 inchoentur,
738 653 881 718 prospere
914 636 1167 718 promoveantur,
1207 632 1373 698 salubriter
1404 649 1477 715 per-

233 722 388 876 fifflantffilu'
409 827 496 887 vero,
518 807 621 873 Mater
641 807 767 891 pulcrae
789 807 981 885 dilectionis,
1010 806 1178 893 agnitionis
1200 806 1232 870 et
1252 806 1376 870 sauctae
1399 805 1476 888 spei,

234 895 391 962 licclcsim
423 895 544 979 Regina
577 895 608 959 et
640 895 878 978 propugnatrix,
902 895 950 959 'lu
970 893 1054 971 Nos,
1076 892 1330 966 consultationes,
1353 891 1476 956 labores
1583 943 1584 948 ,

233 983 364 1048 Nostros
385 982 419 1048 in
441 983 540 1048 Tuam
561 982 734 1046 maternam
755 980 847 1046 fidem
870 983 1063 1065 tutelamque
1084 981 1233 1063 recipias,
1258 999 1294 1045 ac
1317 979 1393 1044 Tuis
1415 997 1477 1062 age

234 1069 317 1154 apud
338 1069 438 1136 Deum
460 1068 619 1152 precibus,
647 1069 683 1132 ut
705 1067 737 1132 iu
759 1088 819 1134 uuo
842 1087 962 1152 semper
984 1069 1095 1152 spiritu
1117 1085 1297 1132 maneamus
1319 1067 1352 1131 ct
1373 1066 1475 1131 corde.

337 1157 400 1222 Vos
422 1173 541 1238 quoquc
561 1154 684 1220 Nostris
707 1153 813 1220 adeste
835 1156 925 1233 votis,
947 1156 1061 1240 Angcli
1083 1156 1114 1220 et
1136 1153 1343 1238 Archangeli,
1367 1153 1476 1236 Tuque
1585 1159 1586 1240 J

234 1243 451 1328 Apostolorum
484 1241 648 1326 Princeps,
681 1241 868 1307 Beatissimo
901 1243 1009 1322 Petro,
1044 1243 1152 1325 Tuque
1186 1240 1366 1324 coapostolo
1399 1239 1477 1322 Ejus

234 1331 363 1410 Paullo,
387 1329 492 1395 ductor
512 1329 671 1412 gentium,
701 1330 733 1394 et
754 1329 948 1412 praedicetur
967 1329 1110 1394 veniatis
1132 1329 1164 1392 in
1186 1327 1328 1394 universo
1350 1326 1475 1408 mundo,

235 1419 358 1502 Vosque
381 1435 485 1483 omues
501 1415 616 1516 'Sancti
637 1415 828 1515 caelitesct
850 1416 1012 1516 praecipue
1034 1433 1163 1500 quorum
1178 1414 1362 1514 cineres-hic
1383 1433 1477 1512 vene·

234 1524 375 1658 lilla
392 1503 530 1655 illibi
543 1501 1478 1673 lllnltllllli,liliallllll‘stillis

238 1677 361 1762 Templi
383 1677 468 1762 lljus,
492 1675 550 1742 cui
572 1676 668 1741 honor
690 1677 722 1740 et
744 1677 843 1761 gloria
865 1677 897 1742 in
920 1677 1043 1742 saecula
1065 1676 1267 1742 saeculorum.

338 1819 387 1872 xl.
422 1822 468 1872 lm
489 1819 528 1871 ll.
545 1817 686 1870 December
705 1809 794 1870 u'urde
813 1817 854 1870 die
873 1817 995 1882 fulgendo
1014 1819 1154 1882 pipstliclre
1173 1815 1343 1869 constitution
1362 1815 1477 1868 bekannt

235 1907 365 1972 gemacht,
384 1907 483 1958 welche
502 1905 545 1956 llr
563 1904 613 1956 den
631 1904 698 1966 Fall,
725 1903 785 1956 dass
803 1904 850 1956 der
873 1904 949 1970 Papst
973 1903 1099 1956 wiureud
1123 1903 1169 1954 des
1188 1903 1288 1956 concils
1306 1903 1408 1966 sturbe,
1433 1903 1476 1954 die

236 1993 308 2044 want
329 1991 399 2045 eines
416 2003 502 2044 neuen
520 1992 625 2055 Papstes
644 1989 849 2042 ausschliessliclr
867 1991 919 2044 und
938 1982 1017 2043 alieih
1034 1991 1084 2042 den
1100 1988 1253 2042 cardinales
1272 1987 1416 2051 turbellis,
1429 1989 1479 2040 das

236 2079 323 2132 concil
341 2077 421 2132 selbst
440 2077 503 2130 aber
520 2077 574 2142 ipsu
593 2078 662 2130 lacto
681 2078 719 2128 ais
738 2077 903 2140 ausgehuben
922 2078 1035 2140 erllirt,
1061 2089 1092 2129 su
1113 2077 1172 2128 dass
1197 2076 1238 2128 die
1259 2077 1399 2138 Sitzuugeu
1418 2074 1480 2126 des·

236 2165 326 2218 selben
344 2168 397 2219 erst
415 2163 441 2217 in
459 2165 538 2229 Fulge
558 2165 604 2217 der
621 2163 907 2228 zusammenberulung
931 2165 1012 2218 durch
1037 2164 1088 2216 den
1110 2175 1195 2216 neuen
1213 2163 1291 2226 Papst
1314 2163 1410 2214 wieder
1433 2162 1479 2215 bc·

235 2265 340 2329 gunnen
360 2253 466 2306 werden
484 2252 597 2308 konnen.
632 2251 677 2304 iiie
696 2251 865 2304 constitution
884 2255 1005 2314 erucnert
1023 2263 1072 2304 nur
1085 2252 1126 2303 die
1143 2251 1243 2302 biberen
1256 2243 1479 2313 Bestimmuugen,

237 2343 338 2394 melche
356 2341 436 2394 scion
461 2340 501 2392 bei
527 2340 652 2402 lrlilrereu
677 2338 820 2402 conciliem,
839 2339 888 2392 wie
907 2339 947 2391 bei
967 2329 1025 2392 dem
1044 2341 1068 2392 3.
1093 2337 1322 2394 lateranenschen
1346 2336 1395 2388 und
1419 2336 1479 2388 dem

237 2429 263 2480 2.
281 2427 381 2490 Lyuuer
399 2438 446 2480 zur
464 2427 631 2488 lunendung
648 2427 752 2480 lamen.
788 2427 830 2480 Sic
849 2427 943 2506 lactet:

237 2529 435 2586 Sanctissimis·
459 2529 590 2608 Domini
613 2530 723 2586 Nostri
746 2531 799 2584 Pii
821 2530 941 2584 Dictaea
964 2530 1171 2584 Providentia
1194 2507 1301 2598 Papae
1324 2524 1378 2580 IX.
1399 2523 1480 2580 Oun-

504 2619 628 2672 stc'lattu
647 2616 693 2672 Dc
711 2617 870 2672 Electiuacc
888 2617 1026 2673 Romami
1043 2616 1215 2684 Pontificic.

334 2723 361 2775 Si
378 2725 513 2787 contingat
530 2723 622 2778 sedem
641 2725 812 2788 apostoticam
830 2726 928 2778 vacare
945 2725 1054 2778 durante
1073 2723 1184 2777 concilio
1203 2721 1383 2774 oecumenico.

237 2824 314 2881 Pice
333 2825 508 2895 spurcam
526 2824 640 2882 Seruus
665 2825 834 2882 &moram
858 2827 918 2882 Dei
943 2829 985 2882 ud
1002 2830 1191 2898 perpetuam
1213 2827 1261 2880 rei
1282 2825 1480 2880 memoriam.
1585 2833 1586 2856 ¹

342 2931 405 2986 cum
424 2931 541 2985 Romanis
560 2933 722 2986 Pontificibus
741 2935 766 2986 in
785 2935 811 2988 Β.
829 2935 906 2988 Petro
931 2935 1110 3000 apostolorum
1134 2931 1250 2996 Principe
1273 2930 1406 2996 pascendi,
1435 2941 1481 2982 re·
1585 2965 1586 3018 ἒ

235 3008 315 3084 genui
334 3022 360 3072 et
377 3019 540 3094 gubernandi
560 3019 729 3073 uniuersalem
748 3021 884 3074 Ecclesiam
909 3033 924 3074 a
949 3021 1056 3073 Domino
1080 3021 1174 3073 Nostro
1191 3019 1252 3072 lesu
1275 3017 1378 3071 cbristo
1402 3008 1483 3080 piena

238 3111 353 3172 potestas
373 3107 464 3160 tradita
483 3106 574 3160 tuerit:
594 3119 643 3172 pax
663 3111 687 3159 et
706 3107 793 3160 unitas
820 3109 898 3172 ipsias
924 3108 1054 3160 Ecclesiae
1077 3107 1103 3160 in
1130 3119 1211 3172 grave
1240 3105 1377 3159 discrimen
1401 3103 1481 3156 facile

239 3196 440 3258 adducerentur,
459 3194 489 3258 sl,
507 3193 654 3257 apostolica
672 3195 738 3248 Sede
763 3199 880 3258 vacante,
899 3197 924 3248 iu
952 3195 1077 3248 electione
1106 3193 1169 3247 Noui
1187 3192 1320 3247 l’uutlflcis
1343 3190 1483 3258 quidquam

237 3278 294 3334 lieri
313 3281 483 3346 contingeret,
501 3279 569 3346 quod
588 3291 646 3332 eam
664 3281 787 3334 incertam
806 3294 836 3334 ac
854 3281 959 3334 dubiam
977 3279 1088 3333 reddere
1106 3285 1202 3344 posset.

321 3368 382 3422 ··lu
411 3370 464 3419 tam
491 3366 622 3420 funestum
650 3367 788 3430 periculum
817 3369 986 3421 avertendum
1015 3367 1103 3431 plures
1128 3380 1143 3418 a
1170 3367 1290 3436 Ronmnis
1317 3363 1483 3418 Pontificibus

239 3455 434 3512 successoribus
461 3455 569 3515 nostris,
605 3465 635 3506 ac
662 3457 812 3518 praesertim
838 3455 919 3508 alei.
947 3455 1048 3508 record.
1071 3454 1217 3508 alexandro
1248 3452 1289 3506 lll.
1316 3453 1342 3504 iu
1365 3452 1482 3515 generali

242 3543 356 3596 concilio
376 3541 545 3595 lateranensi
563 3541 603 3594 lll.
620 3542 660 3601 (l.
679 3541 741 3605 cap.
759 3542 827 3594 Licet
845 3543 877 3594 de
895 3538 1063 3608 creatione),
1082 3554 1097 3594 a
1115 3541 1142 3594 Β.
1162 3540 1287 3604 Gregorio
1305 3541 1334 3592 ll.
1350 3539 1375 3591 in
1401 3550 1483 3601 geue·

240 3631 289 3684 rall
309 3629 419 3684 concilio
439 3627 601 3691 lugdunensi
620 3626 647 3680 ll.
669 3629 706 3690 (2.
721 3628 782 3692 cap.
801 3629 845 3680 ilbi
870 3629 901 3682 de
919 3629 1050 3682 illectione
1068 3629 1093 3680 iu
1111 3629 1158 3690 6.),
1178 3640 1194 3680 a
1211 3627 1343 3679 clemente
1362 3627 1390 3677 l.
1410 3625 1482 3686 (cle-

238 3719 317 3770 ment.
342 3717 366 3767 2.
391 3716 423 3769 de
442 3715 597 3780 illectione),
615 3727 629 3766 a
649 3714 773 3780 Gregorio
792 3715 842 3767 XV·
859 3715 983 3776 (constit.
1004 3715 1081 3768 liecet
1100 3715 1241 3767 Romanum
1266 3709 1430 3777 Pontificem)
1449 3713 1483 3764 ab

238 3803 341 3854 Urbano
365 3803 423 3855 llll.
449 3801 568 3864 (constit.
593 3803 628 3854 ld
653 3801 760 3854 Romani
782 3801 925 3864 Pontilcis,
948 3801 975 3856 l.
1001 3802 1051 3854 lai.
1069 3799 1200 3854 Februarii
1227 3799 1317 3862 ists.)
1341 3803 1368 3851 et
1391 3799 1484 3852 acle·

238 3887 326 3942 mente
344 3889 393 3941 llll.
411 3884 684 3952 [constitlpostulus
702 3888 740 3942 lv.
758 3901 841 3942 nouas
860 3889 975 3943 octobris
989 3885 1070 3955 lisa)
1089 3889 1174 3940 editae
1192 3891 1252 3940 sunt
1270 3887 1483 3951 constitutiones,

240 3975 330 4041 quibus
358 3975 417 4028 dum
444 3977 524 4028 multa
550 3974 600 4028 alia
626 3977 846 4040 praescribuntur,
873 3983 900 4030 ut
922 3977 1055 4040 negotium
1074 3975 1137 4028 tanti
1154 3975 1277 4027 momenti
1296 3975 1344 4026 rite
1361 3978 1485 4038 recteque

239 4061 400 4127 expediatur,
416 4062 562 4126 generatim
580 4068 605 4115 et
631 4057 737 4126 absque'
753 4063 805 4115 ulia
823 4062 976 4126 exceptione
1000 4064 1146 4115 declaratur
1163 4073 1194 4114 ac
1215 4061 1361 4114 decernitur
1379 4060 1485 4112 electiu—

239 4159 299 4202 nem
314 4149 406 4201 summi
421 4148 549 4202 Pontidcis
566 4149 598 4201 ad
611 4151 636 4202 S.
647 4149 674 4202 lt.
684 4151 710 4204 Ε.
722 4149 893 4204 cardinalium
911 4149 1051 4212 collegium
1070 4147 1144 4202 unice
1164 4153 1189 4200 et
1207 4148 1485 4212 exclusit'espectare.

343 4237 411 4289 llaec
427 4235 479 4288 llos
497 4237 582 4289 animo
601 4237 752 4298 recolentes,
771 4247 829 4288 cum
848 4238 1041 4289 oecumenicum
1066 4240 1092 4288 et
1113 4235 1236 4300 generale
1254 4235 1394 4288 concilium
1412 4234 1485 4286 Vati·

240 4333 331 4376 canum
350 4333 396 4385 per
414 4323 571 4386 lpustollcas
589 4323 712 4389 litteras,
737 4335 803 4389 quac
827 4323 949 4386 incipiunt
972 4321 1101 4376 Aeterni
1123 4320 1231 4376 Putris
1256 4319 1313 4374 ΙΙΙ.
1333 4321 1384 4375 kal.
1401 4319 1485 4376 tutas

240 4419 309 4461 annu
329 4406 408 4472 1768,
426 4420 441 4459 a
461 4407 537 4460 Nobis
561 4407 699 4473 indictum,
727 4409 752 4461 in
779 4422 810 4462 eu
836 4410 889 4474 jam
914 4411 946 4462 sit
969 4416 996 4462 ut
1020 4409 1169 4463 solemniter
1194 4409 1321 4474 initietur,
1346 4407 1485 4472 apostolici

240 4495 324 4548 Nostri
342 4494 455 4546 muueris
480 4505 539 4547 esse
557 4495 681 4560 ducimus,
700 4509 886 4564 quamcunque
904 4498 1065 4550 occasionem
1092 4495 1278 4549 discordiarum
1307 4499 1333 4548 et
1360 4494 1485 4546 diversio

241 4593 302 4638 uum
320 4583 389 4635 circa
406 4580 562 4634 Eiecticnem
581 4583 673 4636 summi
692 4583 820 4637 Pontiticis
839 4585 994 4648 praevenire
1017 4593 1048 4636 ac
1064 4583 1234 4648 praecidere,
1260 4581 1282 4636 si
1306 4582 1411 4636 Divinae
1437 4593 1487 4634 vu·

133 4677 138 4692 ·
240 4667 331 4722 luctati
347 4667 483 4734 placuerit,
501 4667 561 4737 llus,
579 4668 674 4722 eodem
691 4669 804 4725 concilio
822 4671 988 4737 perdurante,
1008 4683 1039 4724 ex
1058 4671 1107 4724 hac
1125 4669 1227 4724 mortali
1246 4669 1298 4723 rita
1315 4669 1437 4734 migrare.
