3192 5008
301 79 326 128 ὑ.

198 307 262 372 332
308 326 346 379 m
362 326 408 378 rc.
421 327 460 380 rx.
479 325 565 378 consa.
578 323 684 394 apost.
700 327 784 381 aeda
796 327 820 379 c.
841 327 880 380 ra.
900 329 952 380 oa.
970 339 1051 390 prom.
1071 327 1095 378 c.
1114 329 1154 380 ao.
1172 326 1231 380 occ.
1252 327 1325 380 raca

197 495 333 582 gationi,
356 494 521 576 Societati‚
544 498 576 562 et
597 497 763 578 Instituta,
788 497 883 563 etiam
904 497 1040 582 regulari
1063 496 1197 582 cujusvis
1219 495 1348 580 speciei,
1375 496 1436 562 etsi

197 583 291 650 titulo
313 583 462 668 peculiari
482 585 632 668 praedito,
656 585 748 668 atque
770 585 867 650 etiam
890 586 1017 668 speciali
1038 585 1192 650 mentione
1214 585 1308 670 digno
1325 603 1434 667 aquo-

197 671 245 737 vis
267 689 403 755 unquam
425 672 562 754 tempore
585 672 645 736 lanc
666 689 762 754 usque
785 689 946 738 concessae
969 672 1100 751 fuerint,
1124 691 1161 738 aa
1184 673 1300 750 omnia,
1323 689 1436 753 easque

198 775 304 824 omnes
326 757 441 823 Nostra
473 757 531 822 bac
554 757 780 824 Constitutione
812 761 986 840 revocatas,
1004 829 1006 832 ,
1022 777 1218 843 suppressae,
1248 759 1280 823 et
1302 757 1434 822 abolitas

198 863 264 910 esse
286 845 445 924 volumus,
477 849 569 928 prout
589 863 695 929 reapse
716 863 913 926 revocamus,
947 847 1180 930 supprimimus,
1214 846 1246 909 et
1267 843 1435 922 abolemus,

197 931 325 996 minime
347 931 576 1015 refragantibus
597 938 652 997 ant
667 932 863 998 obstantibus
878 935 1050 1018 privilegiis
1065 933 1317 1017 quibuscumque,
1340 931 1436 995 otiam

198 1017 401 1102 specialibus,
424 1019 667 1102 comprehensis,
700 1019 751 1084 rel
772 1039 832 1086 non
854 1022 886 1085 in
910 1041 1034 1105 corpore
1053 1020 1151 1105 juris,
1173 1019 1229 1084 aut
1250 1016 1435 1100 Apostolicis

200 1103 497 1184 constitutionibus,
519 1107 558 1170 et.
573 1108 680 1190 quavis
701 1106 930 1176 confirmatione
952 1107 1146 1192 Apostolice,
1169 1105 1218 1171 vel
1239 1105 1436 1170 immemore-

197 1191 254 1256 bili
276 1193 370 1258 etiarn
392 1192 622 1271 consuetudine,
647 1195 702 1258 ant
724 1193 786 1260 alia
807 1214 999 1280 quacumque
1021 1194 1171 1259 firmitate
1193 1191 1344 1257 roboratis
1366 1191 1436 1274 qni-

199 1275 334 1344 buslibet
356 1281 450 1344 etiam
472 1279 579 1345 formis
613 1299 648 1346 ae
671 1280 845 1361 tenoribus,
880 1285 913 1348 et
943 1301 1012 1348 cum
1035 1279 1194 1366 quibusvis
1221 1277 1434 1363 derogatoriis,

199 1365 329 1450 aliisque
352 1365 575 1431 efficacioribus
599 1369 631 1432 et
653 1367 786 1433 insolitis
803 1369 958 1448 clausulis,
982 1367 1092 1452 quibus
1108 1367 1258 1447 omnibus,
1283 1367 1435 1450 quatenus

198 1471 273 1536 opus
296 1453 337 1516 sit
360 1452 508 1538 derogare
531 1453 721 1520 intendimus
743 1455 775 1518 et
797 1455 989 1540 derogamus.

300 1539 435 1604 Firmum
465 1541 570 1605 tamon
599 1557 665 1606 esse
693 1539 835 1608 volumus
857 1541 1034 1608 absolvendi
1054 1541 1238 1607 facultatem
1260 1558 1279 1604 a
1303 1537 1432 1604 Triden-

198 1626 265 1691 tiua
287 1624 407 1711 Synodo
429 1626 585 1710 Episcopis
608 1645 781 1694 concessam
803 1629 884 1697 Sese.
909 1629 1042 1696 XXIV.
1066 1649 1134 1712 cop.
1163 1628 1218 1694 VI.
1242 1627 1280 1691 de
1300 1626 1431 1708 reform.
1509 1643 1512 1652 ·

197 1714 230 1778 in
252 1714 494 1797 quibuscumque
517 1715 652 1778 censuris
673 1715 870 1798 Apostolicae
892 1715 964 1782 Sedi
986 1717 1045 1781 hac
1066 1716 1181 1780 Nostra
1204 1713 1431 1779 Constitutione

198 1801 372 1877 reservatis,
395 1799 434 1863 iis
456 1801 580 1864 tantum
603 1802 746 1885 exceptis,
770 1821 845 1885 quas
867 1803 976 1869 Eidem
991 1801 1186 1888 Apostolicae
1209 1799 1282 1866 Sodi
1305 1797 1428 1884 speciali

198 1886 289 1954 modo
311 1887 484 1952 reservatas
505 1887 737 1954 deelaravimus.

304 1973 510 2038 Decernentes
533 1974 590 2042 bas
612 1975 757 2054 Litteras,
781 1977 874 2060 atque
895 1977 996 2042 omnia
1020 1977 1052 2041 ct
1073 1974 1212 2060 singula,
1237 1973 1370 2057 quaein
1392 1971 1436 2036 eis

200 2059 370 2126 constituta
390 2079 426 2124 ac
449 2060 571 2126 decreta
605 2063 692 2141 sunt,
726 2081 891 2146 omnesque
913 2066 945 2128 ot
967 2062 1121 2148 singulas,
1155 2080 1233 2144 quae
1266 2060 1300 2124 in
1321 2058 1436 2124 eisdem

198 2147 300 2212 iactae
322 2148 397 2212 suut
422 2166 458 2211 ex
491 2149 694 2214 anterioribus
717 2148 996 2216 Constitutionibns
1018 2149 1290 2215 Praedeeessorum
1313 2147 1435 2212 nostro·

198 2253 278 2311 rum,
301 2236 394 2319 atque
414 2236 509 2299 etiam
523 2235 657 2314 Nostris,
680 2237 735 2302 aut
750 2255 786 2302 ex
801 2237 870 2302 aliis
885 2237 980 2303 sacris
994 2235 1168 2302 Canonibus
1183 2235 1436 2319 quibuscumque,

200 2322 295 2386 etiarn
318 2321 524 2388 Consiliorum
539 2321 747 2402 Generalinm,
771 2325 803 2388 et
820 2323 917 2407 ipsius
933 2323 1106 2394 Tridentini
1128 2321 1326 2398 mutationes,
1349 2319 1436 2384 dero-
1476 2392 1479 2396 ,

200 2408 343 2496 gationes
364 2409 450 2474 ratas
473 2410 504 2473 et
525 2409 642 2489 firmas,
665 2429 701 2476 aa
722 2411 892 2493 respective
913 2412 983 2476 rata
1005 2413 1097 2496 atque
1112 2407 1202 2474 firma
1220 2426 1286 2473 esse
1308 2407 1341 2472 ct
1361 2406 1434 2486 fore,
1462 2476 1464 2480 ,

199 2513 329 2578 suosque
351 2495 506 2579 plenarios
529 2497 561 2560 et
582 2497 719 2582 integros
741 2499 869 2563 effectus
891 2498 1043 2576 obtinere3
1071 2497 1176 2580 sicque
1201 2496 1236 2564 ‚et
1263 2513 1323 2559 non
1345 2493 1436 2558 aliter

198 2581 231 2646 in
253 2583 430 2664 praemissis
452 2601 506 2664 per
521 2601 726 2668 quoscumque
743 2584 871 2650 Judices
888 2584 1076 2662 Ordinarios,
1100 2585 1132 2648 et
1146 2582 1323 2668 Delegatos,
1339 2580 1435 2646 etiam

199 2668 369 2753 Causarum
391 2669 506 2736 Palatii
528 2669 697 2752 Apostolici
716 2671 894 2752 Auditum,
915 2691 951 2736 ac
968 2671 999 2738 S.
1014 2673 1051 2738 R.
1067 2671 1102 2737 a.
1127 2669 1316 2746 cardinales,
1340 2667 1434 2732 etiam

198 2755 238 2820 dc
258 2754 369 2827 Latere
391 2756 538 2839 Legatos,
570 2775 606 2821 ao
626 2758 823 2841 apostolicae
853 2758 943 2824 Sedis
964 2759 1117 2837 Nuntios,
1147 2777 1184 2823 ac
1206 2755 1329 2839 quosvis
1356 2753 1435 2820 alios
1453 2780 1468 2828 -,

198 2860 390 2926 quacumque
412 2843 651 2925 praeminentia,
675 2863 710 2910 ac
733 2845 887 2929 potestate
909 2847 1084 2932 fungentes,
1108 2846 1140 2909 et
1161 2844 1338 2920 iuncturos,
1361 2841 1435 2904 sub·

197 2928 264 2994 lata
287 2930 347 3008 eis,
383 2931 415 2994 et
448 2948 552 2994 eorum
582 2931 710 2996 cuilibet
731 2933 838 3015 quavis
868 2932 958 2999 aliter
977 2931 1138 3018 judicandi
1158 2933 1190 2997 et
1211 2927 1437 3012 interpretandi

197 3015 357 3096 facultate,
380 3018 410 3082 et
434 3017 629 3097 auctoritate,
651 3018 798 3103 judicari,
822 3039 858 3084 ac
872 3019 994 3086 definiri
1008 3021 1132 3097 debere;
1156 3019 1188 3084 et
1203 3017 1326 3082 irritum
1343 3015 1435 3098 atque

198 3103 291 3170 inane
312 3120 378 3169 esse
400 3121 437 3168 ac
459 3105 523 3169 fore
538 3105 694 3188 quidquid
716 3125 807 3190 snper
828 3107 877 3172 bis
900 3126 919 3172 a
940 3127 1094 3192 quoquam
1116 3105 1224 3189 quavis
1238 3102 1435 3178 auctoritate,

198 3190 295 3257 etiam
315 3191 476 3274 praetentu
499 3192 663 3275 cujusbbet
685 3193 856 3278 privilegii,
885 3197 941 3260 aut
962 3191 1189 3261 consuetudinis
1218 3189 1363 3255 inductae
1384 3188 1434 3254 uel

196 3277 403 3358 inducendae,
427 3297 519 3360 quam
542 3279 672 3347 abusum
694 3299 760 3346 esse
782 3281 992 3362 declaramus,
1026 3281 1158 3346 scienter
1183 3278 1233 3344 val
1255 3276 1433 3362 ignoranter

198 3365 364 3451 contigerit
387 3365 545 3430 attentari.
790 3423 794 3428 ,

276 3451 370 3518 ¹Nou
392 3452 586 3517 obstantibus
608 3453 794 3535 praemissis,
818 3453 946 3539 aliisque
969 3451 1158 3538 quibuslibet
1181 3449 1434 3527 ordinationibus,

197 3539 478 3618 constitutionibus,
500 3539 680 3624 privilegiis,
704 3541 799 3606 etiarn
822 3541 946 3624 speciali
969 3542 1001 3606 et
1023 3539 1180 3608 individua
1195 3536 1435 3620 mentione-dig-

197 3627 262 3705 nis,
295 3645 351 3692 nec
385 3645 445 3691 nou
480 3627 750 3693 consuetudinibus
784 3627 957 3711 quibusvis,
997 3628 1092 3693 etiam
1124 3623 1432 3703 immemorabilibus,

200 3713 370 3796 ceterisque
394 3714 554 3778 contrariis
577 3714 830 3798 quibuscumque.

300 3799 389 3865 Nulli
409 3819 483 3884 ergo
506 3801 629 3866 omniuo
644 3801 801 3866 hominum
824 3801 918 3869 licoat
940 3803 1020 3868 banc
1041 3799 1187 3884 pagiuam
1202 3800 1336 3865 Nostrae
1356 3795 1436 3862 Con·

197 3885 378 3964 stitutionis,
402 3887 851 3968 Ordinationis„limitationis,
870 3889 1109 3973 suppressionis,
1132 3885 1358 3971 derogationis,
1381 3901 1436 3948 vo-

195 3972 327 4037 luntatis
349 3973 531 4058 infringere,
558 3975 608 4039 uel
636 3976 663 4040 ei
693 3993 768 4040 ausu
787 3977 954 4041 temerario
975 3975 1136 4042 contrade.
1181 3973 1214 4038 Si
1237 3973 1306 4056 quis
1328 3971 1435 4057 autern

196 4061 254 4124 hcc
288 4059 442 4125 attentare
475 4062 731 4144 praesumpserit,
774 4063 1019 4147 indignationem
1053 4059 1280 4144 Omnipoteutis
1313 4057 1372 4123 Dei
1403 4057 1437 4121 et

196 4147 364 4212 Beatorum
387 4147 474 4212 Petri
497 4148 528 4212 et
550 4149 641 4214 Pauli
663 4148 882 4232 Apostolorum
905 4150 981 4234 ejus,
1005 4169 1037 4215 se
1059 4148 1180 4214 noverit
1201 4147 1406 4212 incursurum.

257 4291 259 4296 Α
298 4233 418 4299 Datum
438 4234 555 4300 Romae
589 4237 671 4318 apud
693 4233 724 4300 S.
748 4236 877 4302 Petrum
900 4255 978 4302 anuo
1004 4233 1227 4302 incarnationis
1255 4231 1436 4298 Dominicae

194 4319 360 4387 Millesimo
395 4321 658 4406 Octingentesimo
691 4321 889 4408 Sexagesiruo
908 4325 1010 4403 Nono,
1045 4322 1161 4404 Quarto
1194 4321 1268 4386 Idus
1301 4317 1436 4384 octobris

195 4407 401 4475 Pontificatus
423 4410 520 4474 nostri
543 4409 792 4494 annovigesimo
816 4411 936 4494 quarto.
1024 4421 1028 4430 ⁸

194 4512 336 4586 Marius,
356 4511 447 4579 carc.
470 4514 596 4595 Mattci,
617 4514 843 4580 Pro-Deterins
862 4550 902 4562 -·—
919 4515 960 4580 N.
979 4513 1069 4580 Card.
1083 4513 1277 4580 Purocca'uai
1290 4509 1435 4578 Otorclli.

518 4601 593 4668 Visa
615 4601 652 4666 de
676 4599 769 4666 Curia
790 4601 978 4668 Dominicae
998 4601 1105 4668 Bruti.

237 4686 316 4752 Loco
339 4688 380 4774 —t-
403 4687 537 4754 Plumbi.
1191 4687 1215 4754 1.
1240 4681 1389 4769 Cognoui.
