3152 5014
333 325 470 392 darvaco,
489 328 525 381 ne
544 325 721 379 anstinuo·
739 321 823 376 torm·
843 321 948 375 cnecon
965 319 1118 373 matamoro
1135 315 1191 374 ccc.
1319 295 1379 364 169

133 911 192 994 lie
218 911 360 994 rebus
387 907 654 1010 quibusnam
688 905 744 988 ad
771 901 1020 991 Concilium
1048 901 1254 1004 generale
1279 923 1380 1005 por·

628 1026 890 1124 amantibus,

180 1189 295 1254 scripsit
313 1191 341 1243 Η.
363 1189 517 1251 Gerlach,
536 1189 627 1242 doctor
645 1192 696 1240 utr.
712 1187 764 1250 tur.
783 1193 811 1240 et
829 1188 967 1240 canonicus
986 1186 1109 1240 ecclesiae
1127 1185 1327 1250 numburgensis.

238 1325 268 1392 Ι.
314 1324 497 1394 Remedium
519 1325 726 1410 opportunum
748 1322 788 1388 ad
809 1321 1005 1407 impedienda
1027 1323 1111 1390 mala
1133 1341 1169 1389 ex
1191 1321 1275 1389 civili
1297 1321 1378 1405 quod

129 1429 295 1512 appellant
320 1428 517 1495 matrimonio
539 1427 750 1513 provenientia
773 1426 831 1493 boc
853 1429 911 1507 est,
936 1427 1018 1512 quod
1033 1428 1072 1494 ab
1095 1427 1225 1494 ccclesia
1247 1425 1285 1492 ad
1309 1445 1377 1492 con·

128 1532 288 1598 trahenda
311 1532 508 1599 matrimonia
529 1533 629 1598 forma
648 1529 873 1610 constituatur,
903 1550 982 1615 qnae
1005 1531 1166 1598 commoda
1186 1530 1302 1596 formae
1324 1548 1377 1596 ca·

127 1636 260 1703 nonicae
274 1638 316 1703 ad
338 1635 498 1704 commoda
520 1638 636 1703 formae
650 1635 849 1702 Tridentinae
865 1635 1024 1722 adjungat.
1071 1636 1200 1702 Formae
1212 1633 1375 1700 canonicae

127 1741 292 1824 proprium
315 1741 373 1806 hoc
388 1735 456 1820 est,
479 1740 560 1825 qnod
582 1739 756 1824 conjunctio
775 1739 870 1806 maris
892 1741 925 1805 et
951 1739 1084 1806 feminae
1106 1757 1167 1804 non
1190 1738 1239 1805 est
1264 1755 1376 1803 concu-

128 1843 279 1925 binatus,
303 1845 426 1912 etiarnsi
448 1863 613 1911 consensus
636 1863 742 1910 eorum
764 1863 867 1910 coram
888 1843 1022 1928 parocho
1044 1845 1077 1909 et
1099 1843 1217 1908 duobus
1243 1840 1377 1907 testibus

129 1968 190 2014 nou
214 1950 260 2015 sit
284 1967 452 2032 expressus.
497 1949 627 2014 Formae
645 1947 843 2014 Tridentinae
865 1947 1023 2032 proprium
1045 1947 1102 2012 hoc
1125 1947 1183 2026 est,
1206 1944 1287 2030 quod
1309 1961 1377 2008 ma·

128 2051 315 2120 trimonium
339 2071 482 2136 expresso
507 2071 611 2118 coram
641 2051 775 2136 parocho
801 2053 833 2118 et
855 2051 977 2125 dnobus,
996 2049 1129 2117 testibus
1151 2067 1301 2116 consensu
1323 2045 1396 2112 de·-

130 2157 340 2224 monstrabile
363 2155 420 2222 eet.
466 2155 551 2237 Quae
563 2155 723 2222 commoda
737 2155 908 2221 miscentur
917 2173 996 2221 nova
1008 2154 1229 2221 constitutione
1241 2151 1377 2250 ferenda,

18 2327 19 2330 ,
129 2261 304 2328 secuudum
334 2279 428 2344 qnam
449 2261 577 2326 mutuus
600 2279 765 2326 consensus
787 2278 890 2326 coram
911 2260 1033 2344 proprio
1053 2257 1204 2344 parocho,
1234 2255 1377 2322 ministro

17 2345 19 2436 ἕ
130 2367 295 2445 ecclesiae,
317 2365 381 2431 sive
399 2383 503 2430 coram
524 2365 647 2449 proprio
669 2363 869 2450 magistratu,
892 2364 1035 2430 ministro
1054 2363 1153 2430 civilis
1176 2381 1211 2429 ac
1233 2361 1378 2446 politicae

130 2469 342 2548 auctoritatis,
366 2487 526 2552 expressus
548 2467 587 2534 ad
610 2467 749 2534 validum
775 2467 1008 2534 matrimonium
1030 2466 1275 2534 contrahendum
1290 2466 1377 2532 suffi-

129 2573 184 2654 cit,
219 2573 384 2640 dummodo
415 2573 453 2639 de
484 2573 542 2638 hoc
570 2571 784 2638 testimonium
806 2572 867 2639 fide
890 2571 1019 2657 dignum
1042 2571 1110 2638 dari
1132 2573 1243 2658 puteat.
1290 2572 1378 2640 Tunc

25 2666 29 2743 ἶ
130 2677 204 2761 plus
227 2678 421 2763 postulatur,
452 2697 546 2762 quam
568 2696 623 2761 per
644 2676 820 2760 quindecim
843 2677 967 2744 saecula
989 2677 1029 2742 ad
1053 2675 1157 2743 valida
1179 2677 1379 2743 matrimonia

129 2781 345 2848 contrahenda
367 2783 407 2848 ab
431 2781 560 2847 ecclesia
580 2781 772 2865 postulatum
793 2783 851 2862 est,
875 2800 953 2866 quae
969 2781 1162 2848 clandestina
1176 2781 1378 2848 matrimonia

130 2887 198 2954 sinc
220 2885 355 2952 testibus
376 2887 473 2952 bbere
500 2886 749 2953 contrabentium
772 2905 921 2953 consensu
943 2887 1029 2954 iacta
1049 2888 1118 2953 rata
1149 2888 1180 2953 et
1212 2905 1285 2954 vera
1311 2905 1377 2953 esse

130 2990 335 3058 matrimonia
357 3010 417 3056 non
430 2990 585 3057 dubitavit
607 2989 712 3072 (Cone.
725 2990 811 3057 Trid.
827 2990 908 3057 Sese.
925 2991 976 3058 24.
989 3009 1056 3076 cap.
1075 2991 1103 3058 1.
1127 2991 1164 3058 de
1179 2991 1236 3058 ref.
1251 2991 1378 3071 matr.);

97 3139 99 3143 -
131 3115 191 3164 nec
213 3115 274 3161 non
294 3095 385 3160 malis
410 3115 447 3160 ex
457 3094 664 3161 matrimoniis
676 3093 876 3160 clandestinis
888 3095 1146 3179 provenientibus,
1169 3095 1376 3180 quaeformae

131 3199 333 3267 Tridentinae
356 3217 463 3264 ansam
486 3197 646 3277 dederunt,
679 3197 863 3265 occurritur:
887 3199 1120 3266 matrimonium
1136 3219 1238 3267 coram
1253 3199 1374 3283 proprio

131 3304 280 3372 ecclesiae
310 3303 359 3368 vel
380 3301 566 3385 reipublicae
595 3301 738 3369 ministro
766 3304 962 3370 contractum
991 3303 1079 3370 libris
1109 3303 1240 3388 publicis
1266 3300 1375 3368 inscri-

130 3408 218 3474 bitur
239 3407 345 3490 itaque
366 3406 525 3490 publicum
548 3414 581 3472 et
596 3407 837 3473 demonstrabile
851 3407 907 3473 eet.

236 3509 445 3577 Praecavendi
467 3511 687 3578 concubinatus
709 3513 782 3576 sunt
804 3530 896 3578 causa
917 3512 1014 3598 legis,
1044 3512 1140 3578 talem
1171 3530 1281 3577 novam
1311 3510 1374 3576 ior·

131 3635 216 3682 mam
237 3614 479 3691 introducentis;
502 3634 613 3698 eosque
625 3634 749 3681 cansam
765 3634 830 3682 ease
842 3616 881 3682 ad
897 3615 1157 3701 dispensationem
1172 3635 1263 3700 super
1274 3615 1373 3680 forma

133 3717 315 3784 Tridentina
336 3717 563 3797 rationabilem,
587 3718 755 3802 poetelius
778 3719 854 3786 Pius
877 3719 963 3786 VIII.
985 3719 1018 3786 in
1041 3719 1135 3786 Brevi
1150 3718 1372 3786 unaarum.

134 3824 217 3888 1830
236 3820 399 3908 judicavit,
422 3841 518 3906 quum
541 3841 633 3906 nuper
653 3823 752 3889 forma
775 3823 959 3892 Tridentina
981 3825 1183 3911 dispensaret,
1201 3827 1243 3894 ,ut
1264 3824 1373 3891 matri-

131 3926 236 3992 monia
256 3925 371 4006 mixta,
406 3945 509 3993 coram
539 3925 682 3992 ministro
710 3929 882 3996 acatholico
913 3931 945 3996 et
967 3930 1062 3996 etiarn
1083 3929 1147 3996 solo
1169 3931 1277 3996 mutuo
1300 3949 1372 3996 con·

132 4050 225 4097 sensu
248 4032 423 4112 contracta,
448 4032 549 4099 valida
571 4033 692 4111 essent,
715 4052 903 4118 quamquam
929 4036 1055 4119 propter
1080 4053 1139 4100 non
1163 4033 1278 4099 iactam
1301 4051 1372 4116 prc-

132 4135 309 4202 missionem
323 4136 418 4220 prolis
433 4133 465 4200 in
479 4136 628 4222 religione
644 4135 798 4203 catholica
814 4137 991 4218 educandae
1013 4157 1138 4223 prorsus
1160 4137 1273 4204 illicita
1284 4139 1369 4206 sunt.

235 4240 386 4307 Attamen
407 4239 434 4306 si
456 4259 534 4306 nova
556 4239 612 4306 illa
634 4241 732 4307 torma
748 4241 995 4324 constitueretur,
1019 4241 1250 4308 matrimonium
1265 4241 1298 4306 in
1312 4240 1371 4306 hac

133 4345 231 4410 forma
260 4344 453 4411 contractum
483 4346 557 4410 tunc
587 4345 711 4410 tanturn
740 4347 822 4411 esset
854 4343 1009 4424 validum,
1042 4345 1069 4412 si
1091 4346 1210 4412 nullum
1234 4346 1370 4410 obstaret

133 4447 391 4532 impedimentum
413 4449 577 4525 dirimens;
611 4448 716 4533 itaque
744 4450 781 4514 nt
807 4449 839 4514 in
866 4449 973 4514 multis
999 4451 1121 4516 casibus
1149 4449 1370 4515 concubinatus

134 4551 309 4620 scandalosi
339 4554 372 4619 et
400 4553 482 4619 inter
514 4552 676 4618 ecclesiam
697 4553 730 4618 et
751 4551 935 4637 gubernium
958 4553 1047 4620 civile
1069 4553 1228 4619 conflictus
1250 4553 1370 4636 pericu·

134 4657 191 4724 losi
212 4657 463 4741 praecaveantur,
486 4655 708 4739 impedimenta
730 4655 1008 4742 consanguinitatis
1030 4658 1063 4722 in
1077 4655 1135 4723 ΠΙ.
1148 4658 1181 4723 et
1192 4657 1246 4725 IV.
1259 4658 1368 4744 gradu,
