3152 5014
229 281 290 350 154
351 302 472 375 Veriap,
492 306 582 372 iiten,
600 306 732 362 Schriften
749 307 802 360 und
822 308 950 362 thsclre
968 321 1025 362 zum
1044 309 1241 362 oeumonlschen
1259 309 1356 363 conell.

330 475 427 559 Respo.
450 476 652 559 affirmative
673 477 713 542 ad
735 478 867 561 primam
888 481 1024 562 partem3
1056 479 1206 562 Nepotioc
1227 478 1266 544 ad
1290 478 1471 546 1111111111.

330 579 413 647 nau
428 580 477 646 II.
511 581 560 646 Au
581 581 701 666 jejunia
722 585 854 667 quatuor
869 583 942 648 anni
964 584 1149 667 temporum,
1173 583 1294 649 attenta
1317 603 1391 650 voce
1413 583 1473 649 illa
1569 649 1570 682 n

222 689 358 766 practer,
383 684 467 750 ultra
489 685 552 752 tria
571 687 690 770 jejunia
713 705 766 770 pro
788 687 931 752 Jubilaeo
954 707 1094 772 expresse
1109 687 1309 771 praescripta,
1324 687 1473 754 habenda

226 789 290 854 sint
312 790 358 854 ati
381 810 458 871 opas
479 791 654 874 iajaaetam
678 790 717 855 ad
740 790 971 875 indulgentiam
995 791 1238 875 acquirendam?

330 893 425 974 Rosp.
449 894 612 978 Negatiue.
671 925 675 937 ι

330 995 413 1063 auc.
437 997 649 1076 11111111,
672 965 886 1080 quissiaco
909 1000 965 1064 aur
979 999 1154 1083 praesepto,
1177 998 1225 1064 aa
1240 999 1473 1064 1111111111-

225 1099 316 1180 cales,
339 1101 395 1168 aut
416 1119 608 1185 quocumque
631 1101 692 1166 alio
714 1101 808 1167 titulo
820 1103 965 1168 tenemur
987 1108 1048 1168 toto
1072 1104 1150 1168 aaai
1171 1108 1307 1183 tempore
1324 1103 1472 1187 jejunare
1570 1117 1571 1120 ’

226 1203 329 1288 aliquo
352 1203 401 1270 die
424 1224 460 1270 11
482 1205 590 1272 diebus
619 1206 817 1290 praescriptis
844 1227 899 1291 pro
920 1207 1081 1287 Jubilaeo,
1112 1207 1300 1292 suffragetur
1329 1209 1392 1274 tale
1420 1209 1472 1293 je·
1571 1238 1572 1304 1

223 1308 344 1394 junium
367 1309 407 1374 ad
430 1310 609 1376 lucrandam
632 1310 885 1396 indulgentiam?

327 1413 425 1496 Resp.
449 1413 655 1480 Affirmative.

328 1517 412 1583 Ded.
436 1518 497 1585 IV.
522 1517 600 1584 Cum
622 1519 773 1604 Religiosi
795 1518 825 1585 S.
848 1519 1004 1586 Francisei
1026 1521 1191 1586 teneantur
1211 1521 1352 1605 jejunare
1376 1541 1394 1586 a
1418 1541 1470 1588 se·
1572 1565 1573 1570 κ

225 1621 325 1688 cunda
348 1622 397 1690 dic
410 1623 595 1689 Novembris
609 1624 706 1706 usque
729 1623 768 1688 ad
779 1623 987 1690 Nativitatem
1002 1624 1133 1702 Domini,
1157 1625 1324 1708 quaeritur,
1347 1626 1468 1705 utrum,

224 1726 282 1793 hoa
315 1727 497 1794 decurrente
529 1728 684 1810 tempore,
726 1728 785 1812 ipsi
824 1729 944 1812 possint
975 1729 1064 1793 unico
1095 1729 1214 1813 jejunio
1248 1730 1349 1795 tribus
1376 1749 1469 1813 prae·

224 1831 348 1914 seriptis
372 1831 480 1897 dicbus
502 1832 601 1912 facto,
633 1831 811 1922 satisfacere
841 1833 956 1919 duplici
986 1833 1168 1920 obligationi
1201 1835 1269 1899 tum
1298 1833 1467 1919 praecepti,

223 1934 293 2002 tum
315 1935 476 2002 Jubilaei?
1260 1942 1265 1950 '

328 2039 425 2124 Resp.
450 2039 649 2106 Permittitur
664 2061 698 2106 ex
714 2031 840 2124 speciali
852 2041 1035 2108 sanctitatis
1051 2040 1131 2108 Suae
1144 2041 1275 2120 indulto,
1300 2041 1466 2110 dummodo

225 2143 409 2210 esurialibus
431 2145 554 2210 tautum
586 2145 663 2210 cibis
692 2165 747 2229 pro
775 2145 866 2212 dictis
894 2146 994 2211 tribus
1016 2146 1037 2212 J
1040 2145 1156 2212 ubilaei
1174 2145 1303 2232 jejuniis
1324 2148 1465 2226 utantur,

225 2239 365 2333 quamvis
387 2249 518 2315 fortasse
540 2249 579 2315 ab
602 2267 660 2314 usu
683 2249 820 2316 ciborum
840 2249 1018 2317 esurialium
1036 2250 1294 2335 dispensationem
1310 2269 1364 2334 pro
1381 2249 1468 2316 dicta

225 2351 470 2440 Quadragesima
491 2353 692 2422 obtinuerint.

328 2457 413 2525 Dae.
442 2458 475 2525 V.
507 2459 555 2524 An
583 2457 666 2524 idem
689 2457 854 2524 dicendum
875 2458 917 2524 sit
937 2478 992 2544 pro
1015 2457 1268 2543 Quadrapesima
1289 2457 1465 2540 Ecclesiae,

227 2561 323 2630 etiam
346 2563 446 2646 quoad
469 2561 714 2630 christifideles?

329 2665 426 2748 Resp.
451 2666 650 2734 Permittitur
671 2687 707 2732 er
729 2653 858 2752 speciali
880 2666 1064 2732 Sanctitatis
1092 2666 1173 2734 Suae
1200 2665 1337 2746 indulto,
1367 2667 1405 2732 ut
1432 2667 1465 2731 in

225 2771 425 2860 responsione
435 2771 472 2836 ad
497 2773 642 2855 quartum
665 2771 811 2852 dubium,
846 2772 878 2838 et
911 2789 981 2836 aum
1014 2771 1122 2838 eadem
1156 2767 1329 2838 conditione
1362 2771 1396 2836 11
1430 2790 1467 2838 ea

226 2874 392 2961 apposita.v
1236 2893 1241 2904 ’

332 2983 416 3050 Dab.
444 2983 499 3049 VI.
524 2983 636 3050 Utrum
655 2983 774 3067 jejunia
796 3001 851 3066 pro
866 2982 1009 3049 Jubilaeo
1030 2979 1222 3066 praescripta
1244 2979 1377 3045 debeant
1399 2997 1466 3045 esse

219 3090 347 3175 jejunia
368 3093 474 3183 stripte
495 3094 635 3172 sarapta,
667 3087 761 3156 etiam
789 3087 888 3172 quoad
915 3088 1096 3170 qaatitatera
1126 3085 1278 3164 ciborum,
1308 3082 1402 3148 sicuti
1430 3103 1467 3149 ea

211 3214 303 3280 ‚quae
326 3213 362 3260 ex
383 3193 540 3260 Ecclesiae
563 3194 726 3278 praecepto
749 3191 958 3275 adimplenda
973 3191 1063 3270 sunt,
1092 3190 1166 3273 quin
1192 3191 1297 3255 tamen
1327 3187 1395 3270 quis
1418 3188 1467 3253 nti

225 3298 323 3386 possit
345 3297 485 3378 indultis,
508 3297 536 3363 si
558 3315 637 3382 quae
659 3316 714 3380 pro
733 3295 861 3381 jejuniis
884 3293 1040 3360 Ecclesiae
1063 3293 1190 3359 obtenta
1219 3291 1357 3358 fuerint?

330 3403 426 3486 Resp.
450 3401 656 3480 Affirmative,
680 3400 740 3466 nisi
763 3397 887 3483 aliquod
911 3398 1043 3482 speciale
1065 3397 1232 3476 indultum,
1254 3395 1286 3460 11
1299 3395 1468 3480 quaetiam

226 3507 266 3574 de
288 3507 426 3576 Jubilaoi
445 3505 562 3592 jejunio
585 3505 727 3589 expressa
749 3503 865 3570 mentio
888 3503 955 3582 liat,
979 3502 1165 3569 obtineatur.

329 3611 413 3680 Dab.
442 3611 517 3678 VII.
541 3610 575 3677 Si
590 3609 659 3694 quis
674 3609 830 3674 indultum
846 3607 988 3674 vescendi
1004 3607 1146 3672 carnibus
1163 3605 1257 3671 etiam
1272 3624 1327 3690 pro
1339 3603 1468 3690 jejuniis

226 3715 363 3784 Jubilaoi
390 3716 613 3800 consequatur,
643 3713 805 3778 tenetume
837 3712 906 3798 lege
941 3711 978 3777 de
1010 3732 1074 3777 iton
1095 3707 1326 3794 permisceadis
1355 3708 1468 3792 epatis

226 3840 335 3905 nempe
357 3821 500 3886 carnibus
524 3839 594 3886 cnm
616 3820 796 3914 paiscibust

330 3925 427 4008 Respa.
450 3923 654 3990 Affirmative.

322 4029 413 4112 ,Data
443 4030 540 4096 VIII.
573 4027 679 4108 Anii,
710 4027 763 4112 qui
791 4027 832 4092 ad
853 4032 1003 4094 statatum
1026 4031 1157 4094 aetatem
1180 4046 1234 4109 pro
1249 4025 1368 4110 jejunii
1390 4024 1470 4090 obli-

227 4133 351 4217 gatr'one
373 4135 509 4200 noadaia
532 4132 733 4216 pervenerint,
757 4150 886 4198 necnon
905 4129 1047 4214 operarii,
1072 4130 1197 4213 aliique,
1220 4129 1274 4214 qui
1301 4129 1339 4194 ob
1361 4129 1470 4212 legiti-
1574 4187 1575 4190 ,

227 4257 308 4302 mam
325 4257 458 4303 causam
481 4237 519 4303 al
539 4237 660 4320 jejunia
681 4237 719 4302 ab
735 4236 874 4302 Ecclesia
888 4235 1053 4320 praecepte
1075 4255 1136 4303 non
1157 4235 1311 4315 tenentur,
1336 4233 1470 4297 debeant

225 4343 376 4429 Jejunare,
400 4345 436 4409 nt
458 4342 688 4426 indulgentiam
712 4341 850 4408 Jubilaei
873 4342 1054 4407 lucrentur?

331 4447 426 4530 Respa.
450 4445 658 4512 Affirmative.
703 4446 792 4526 Quod
825 4445 852 4510 si
875 4445 992 4529 judicio
1027 4441 1214 4509 Confessarii
1248 4441 1281 4508 id
1313 4442 1470 4525 praestare

227 4551 433 4636 nequiverint,
457 4551 668 4618 Conlessarins
701 4550 767 4633 ipse
800 4549 916 4634 poterit
946 4546 1100 4634 jejunium
1132 4547 1165 4612 11
1199 4547 1262 4612 alia
1295 4547 1347 4632 pia
1378 4566 1471 4630 opera

227 4659 427 4723 commutare.
